1967 3062
749 208 1103 248 .-14—

289 322 331 364 in
362 334 550 364 sermone
580 321 813 373 posteriore
844 313 1156 363 occurrunt'ita
1185 320 1363 375 quidem,
1394 324 1442 362 ut
1462 320 1637 375 exquisi-

293 391 440 433 tiorem
470 390 677 442 quendam
708 402 756 432 ac
784 389 1043 442 potissimum
1075 389 1284 442 poeticum
1318 401 1438 432 usum
1464 390 1523 432 eis
1544 400 1638 432 con-

290 458 413 502 tineri
444 459 713 512 perspicuum
743 458 809 501 sit.
868 458 1071 501 Nimirum
1103 457 1194 511 ipsa
1223 458 1358 502 locum
1388 458 1535 502 cedere
1574 470 1639 501 co-

289 530 445 580 guntur
474 527 538 568 his
568 527 740 569 iunioris
778 527 949 580 originis
979 526 1190 569 vocabulis
1225 527 1400 580 primum
1438 539 1560 580 parce
1597 529 1640 568 et
1689 553 1694 559 -

290 598 488 649 tanquam
518 595 749 639 verecunde
780 595 1092 649 emergentibus
1123 597 1210 637 tum
1242 595 1477 638 sollemnius
1499 607 1637 638 recur-

289 664 490 705 rentibus.
545 663 665 714 Quod
696 664 817 706 nolim
850 664 908 706 sic
937 663 1223 716 interpreteris
1249 664 1368 717 quasi
1389 674 1638 717 synonymae

288 732 451 785 possint
481 744 572 775 esse
603 732 709 774 duae
739 732 944 785 quaedam
974 732 1085 774 inter
1115 744 1159 774 se
1180 731 1368 775 diversae
1388 744 1507 775 voces
1528 743 1634 784 quae

290 799 458 852 quidem
489 800 530 840 in
563 812 646 840 una
684 800 908 851 eademque
948 798 1090 852 lingua
1127 803 1279 841 extent.
1347 789 1491 852 Neque
1531 798 1638 841 enim

290 865 338 907 fit
367 878 551 920 unquam
584 870 632 908 ut
660 867 821 920 integer
850 866 1062 908 notionum
1093 866 1331 918 complexus
1367 867 1496 910 altera
1523 866 1639 909 obso-

289 934 472 977 lescente
505 934 641 976 subito
673 934 724 975 ad
755 934 930 976 alt-erius
957 934 1256 988 possessionem
1279 938 1485 983 transeat;
1516 935 1639 976 immo

291 1001 491 1044 dividitur
521 1002 763 1056 plerumque
793 1002 1003 1045 hereditas
1034 1014 1081 1044 ac
1111 1015 1162 1044 ne
1194 1014 1277 1044 una
1313 1003 1479 1055 quidem
1518 1002 1638 1055 signi-

293 1069 432 1113 ficatio
462 1072 521 1114 sic
550 1072 603 1114 ab
633 1070 763 1114 altero
794 1071 994 1114 vocabulo
1019 1071 1254 1124 suscipitur,
1288 1074 1436 1114 utnon
1458 1070 1640 1114 resideat

289 1138 447 1192 aliquid
477 1140 678 1193 pristinae
709 1140 1025 1192 discrepantiae.
1087 1140 1200 1181 Haec
1225 1130 1363 1181 autem
1402 1143 1449 1181 ut
1485 1138 1639 1192 paulla—

291 1208 365 1249 tim
397 1208 642 1250 obliteretur
673 1208 802 1250 donec
839 1221 890 1250 ne
929 1208 981 1249 ab
1020 1207 1079 1249 eis
1121 1207 1285 1259 quidem
1326 1208 1530 1249 sentiatur
1568 1207 1638 1260 qui

289 1275 383 1316 viva
412 1278 588 1317 utuntur
617 1274 780 1328 lingua,
811 1287 912 1317 usus
943 1273 1071 1317 efficit
1101 1286 1286 1316 summus
1317 1274 1512 1328 solusque
1548 1286 1640 1316 con-

289 1346 404 1385 stans
436 1343 478 1384 in
511 1346 715 1396 perpetua
743 1343 993 1396 migratione
1024 1343 1315 1385 vocabulorum
1347 1342 1536 1384 dictator.

405 1410 575 1452 Aditum
606 1411 794 1452 muniant
825 1411 1026 1463 quaedam
1048 1423 1128 1452 non
1148 1410 1226 1452 nisi
1246 1410 1289 1451 in
1311 1422 1358 1452 eo
1383 1410 1435 1452 ab
1459 1409 1638 1451 Homero

291 1477 532 1520 differentia
565 1478 674 1531 quod
704 1477 838 1531 forma.
866 1478 1003 1532 prisca
1033 1478 1118 1520 sive
1149 1478 1263 1531 epica
1302 1481 1425 1519 exuta
1464 1476 1638 1518 induunt

288 1546 520 1599 vulgarem.
585 1545 652 1588 Sic
683 1545 813 1589 forma
844 1550 1056 1589 contracta
1094 1559 1167 1600 pro
1205 1546 1341 1589 soluta
1382 1558 1504 1600 quam
1544 1557 1639 1587 con·

291 1615 451 1656 stanter
481 1625 617 1656 sermo
648 1614 891 1656 Homericus
922 1626 1021 1666 prae
1052 1626 1095 1657 se
1126 1614 1207 1657 fert
1236 1618 1448 1668 comparet
1485 1614 1525 1655 in
1555 1613 1638 1655 his:

288 1682 507 1736 λουτρόν
529 1682 604 1734 Op.
627 1681 707 1723 753
740 1694 831 1723 cum
862 1682 1066 1724 Homerus
1098 1683 1249 1734 ubique
1273 1682 1426 1723 habeat
1447 1680 1638 1736 λυπρῶς

293 1749 343 1793 cf.
365 1751 437 1803 qui
458 1762 551 1792 cum
578 1749 655 1792 hoc
675 1749 764 1792 loco
785 1749 989 1792 Hesiodeo
1011 1752 1243 1804 congruunt
1263 1753 1474 1793 auctorem
1500 1747 1641 1802 hymni

291 1818 383 1861 Cer.
400 1818 455 1859 50
477 1822 522 1860 et
540 1818 763 1860 Pindarum
786 1818 848 1859 Ol.
865 1819 959 1869 XII,
982 1817 1048 1859 27.
1072 1843 1128 1848 -
1149 1817 1285 1865 αὔξω
1303 1818 1445 1872 (med.)
1467 1816 1540 1858 Th.
1557 1817 1639 1857 493

288 1898 363 1939 pro
394 1886 566 1940 antiqua
596 1884 783 1928 eiusdem
817 1886 930 1928 verbi
960 1885 1093 1928 forma
1128 1886 1238 1934 ἀέξω
1267 1898 1392 1939 quam
1412 1885 1537 1927 etiam
1560 1885 1641 1927 He-

290 1953 431 1995 siodus
463 1954 630 2006 saepius
663 1953 835 2007 (decies)
867 1958 1061 2007 usurpat3
1104 1955 1152 1997 cf.
1186 1955 1414 1996 Mimnerm.
1438 1953 1475 2001 2,
1498 1953 1536 1993 2.
1568 1953 1640 1995 So-

289 2020 369 2063 lon.
392 2022 456 2072 11,
478 2020 515 2062 3.
562 2020 748 2074 Theogn.
771 2021 852 2063 362
881 2033 991 2075 saep.
1013 2022 1057 2076 1).
1088 2047 1143 2053 —
1175 2021 1265 2078 ἔαρ
1297 2022 1372 2074 Op.
1395 2021 1476 2062 462
1499 2023 1540 2062 et
1559 2020 1640 2062 492

289 2100 381 2130 cum
420 2089 594 2141 synicesi
631 2087 985 2140 pronunciandum
1025 2101 1115 2133 esse
1163 2094 1340 2132 metrum
1378 2089 1548 2143 indicat3
1589 2087 1638 2130 cf.

289 2157 520 2199 Mimnerm.
545 2157 590 2209 2,
624 2157 648 2198 2
669 2157 725 2210 2);
769 2156 901 2200 forma
932 2156 986 2214 ἦρ
1023 2159 1199 2211 primum
1237 2157 1419 2200 occurrit
1454 2157 1496 2199 in
1531 2156 1639 2209 hym.

291 2224 382 2266 Cer.
408 2225 489 2266 455
522 2229 564 2266 et
592 2225 704 2278 apud
738 2224 869 2267 Alcm.
894 2225 957 2276 76,
985 2225 1023 2266 3.
1093 2226 1179 2267 Nec
1208 2225 1344 2266 minus
1373 2225 1415 2266 in
1453 2225 1517 2266 his
1555 2223 1639 2266 vul-

290 2292 402 2346 garis
433 2305 508 2346 pro
541 2294 657 2347 epica
691 2292 960 2336 conformatio
991 2293 1167 2346 primum
1191 2293 1302 2347 apud
1322 2293 1549 2336 Hesiodum
1571 2294 1640 2336 ob—

376 2451 405 2496 1)
430 2449 522 2485 Usus
547 2461 622 2486 sum
646 2455 833 2496 poetarum
858 2451 1046 2496 lyricorum
1070 2452 1195 2487 Graec.
1220 2451 1426 2487 collectione
1442 2451 1641 2497 Bergkiana

290 2510 371 2542 tert.
396 2517 468 2542 cur.
498 2517 630 2544 recens.
678 2508 776 2553 Lips.
803 2511 900 2546 1866.

375 2576 404 2620 2)
428 2574 525 2620 Ergo
551 2586 656 2612 sanus
681 2580 734 2612 est
751 2576 849 2612 locus
865 2576 1065 2612 Mimnermi
1082 2588 1123 2613 ac
1140 2577 1272 2613 tuenda
1289 2577 1447 2613 codicum
1464 2578 1639 2622 scriptura

293 2631 405 2678 ἔαρος
429 2638 465 2667 et
490 2632 640 2672 αὔξεται
665 2638 788 2669 contra
813 2633 1124 2671 Schneidewinum.
