1967 3062
814 195 977 264 ..⁴43
1034 247 1090 253 -

280 337 406 380 habet
435 351 538 392 quae
569 341 633 380 est
662 337 849 382 vocabuli
880 336 1033 393 ἄδηλος
1061 337 1136 390 Op.
1155 337 1248 379 756.
1274 337 1340 379 Fr.
1362 336 1495 380 XCVI
1515 336 1611 391 (ἀεί-

281 405 453 460 delae),

392 473 659 521 αἰθαλόεις
688 475 798 528 apud
826 474 1050 517 Homerum
1091 473 1242 527 ubique
1279 477 1344 517 est
1379 473 1490 516 fumo
1527 474 1612 516 sive

279 541 448 596 fuligine
476 542 619 586 foedus
648 543 781 585 B415
814 541 918 584 223
948 542 987 583 Χ
998 541 1079 583 339
1110 541 1255 583 01:316.
1316 542 1437 595 Apud
1467 541 1611 585 Hesio-

279 610 376 653 dum
405 611 513 663 quod
550 614 787 654 constanter
824 609 983 653 fulmini
1023 609 1268 653 attributum
1306 613 1417 654 extat
1446 609 1520 652 Th.
1543 610 1609 650 72.

282 678 375 720 504.
395 678 488 720 707.
506 679 614 731 854.‚
645 691 724 722 non
756 677 925 721 dubium
955 681 1019 720 est
1037 678 1135 730 quin
1156 677 1326 731 fulgoris
1346 678 1432 720 sive
1451 677 1611 719 ardoris

279 747 486 790 notionem
526 750 664 791 teneat
703 745 1051 790 accommodatam
1089 745 1199 789 illam
1243 746 1295 789 ad
1337 744 1611 800 significatum

278 814 391 857 verbi
421 812 561 856 αἴθειν.

391 882 703 939 ἀπειρέσιος
732 894 813 936 quo
845 894 881 924 v.
912 881 1116 925 Homerus
1145 885 1193 924 ut
1220 893 1296 936 par
1325 883 1389 923 est
1416 892 1497 923 non
1532 881 1611 922 nisi

277 962 351 1003 pro
382 950 561 1004 epitheto
600 963 739 994 rerum
777 951 863 993 sive
905 949 1186 1004 magnitudine
1226 950 1312 992 sive
1349 948 1610 992 multitudine

268 1018 540 1076 ‘eminentium
570 1019 714 1071 utitur,
747 1019 858 1073 apud
877 1018 1106 1062 Hesiodum
1135 1017 1198 1060 ἐπὶ
1225 1019 1295 1059 τοῦ
1316 1016 1416 1059 κατὰ
1437 1017 1480 1058 τὸ
1503 1015 1612 1062 εἶδος

278 1086 548 1143 διαφέροντος
575 1088 637 1128 καὶ
666 1087 768 1141 ἄγαν
798 1087 920 1128 καλοῦ
948 1085 1128 1141 positum
1148 1097 1239 1129 esse
1259 1086 1340 1128 iam
1360 1085 1610 1140 Porphyrius

279 1155 319 1196 in
340 1155 463 1198 schol.
482 1156 581 1198 Ven.
604 1156 657 1198 ad
677 1155 716 1196 Ξ
728 1156 812 1197 200
841 1155 1126 1198 observatione
1156 1155 1325 1208 dignum
1349 1153 1608 1197 existimavit.

277 1222 410 1264 Locus
441 1227 505 1265 est
533 1223 739 1265 Eoearum
768 1223 835 1263 Fr.
858 1220 1008 1272 LVIII,
1029 1222 1076 1276 3,
1107 1222 1178 1264 ubi
1207 1221 1344 1264 verbis
1376 1220 1608 1277 ἀπειρέσιον

278 1290 377 1331 κατὰ
408 1290 519 1336 εἶδος
555 1303 678 1334 eausa
716 1290 921 1334 indicatur
957 1303 1030 1334 cur
1065 1293 1225 1332 tantum
1262 1300 1478 1343 procorum
1516 1300 1609 1332 con-

276 1369 440 1400 cursum
472 1358 708 1401 excitaverit
737 1359 968 1401 Demodoce
999 1358 1198 1411 Agenoris
1226 1357 1321 1400 filia.

388 1425 673 1483 ὃυςηλεγὴς
701 1427 810 1480 apud
841 1427 1064 1469 Homerum
1095 1431 1159 1469 est
1198 1425 1326 1469 »male
1365 1425 1515 1469 cubare
1551 1425 1609 1468 fa-

276 1493 435 1545 ciens«,
466 1494 575 1537 unde
604 1507 683 1537 non
716 1495 795 1537 nisi
824 1498 902 1537 aut
927 1494 1071 1537 mortis
1103 1498 1176 1537 aut
1206 1493 1302 1537 belli
1330 1493 1485 1536 notioni
1515 1493 1609 1536 sub—

275 1563 457 1604 iunctum
487 1565 669 1616 apparet.
721 1563 779 1606 Ac
811 1566 974 1606 vetusta
1000 1562 1101 1606 haec
1120 1563 1231 1606 vocis
1251 1565 1434 1615 potestas
1455 1564 1607 1614 quanto

275 1641 398 1683 opere
429 1633 641 1672 attenuata
668 1634 731 1672 est
751 1631 862 1684 apud
883 1630 1108 1673 Hesiodum
1131 1630 1201 1684 qui
1222 1630 1393 1673 eandem
1413 1633 1608 1682 tanquam

274 1700 584 1750 cognomentum
615 1698 787 1750 pruinae
816 1698 923 1740 indit
951 1697 1028 1751 Op.
1050 1698 1150 1740 506!

385 1764 639 1821 ἠλίβατος
667 1765 776 1817 quod
807 1765 917 1818 apud
948 1766 1172 1808 Homerum
1210 1768 1446 1809 constanter
1485 1765 1607 1819 signi-

273 1831 396 1875 ficatu
426 1832 572 1876 excelsi
601 1833 688 1875 sive
719 1832 839 1875 ardui
877 1833 1087 1876 invenitur
1122 1844 1284 1886 usuque
1321 1833 1374 1875 ad
1409 1845 1446 1874 v.
1479 1833 1605 1890 πέτρη

272 1896 484 1943 astrictum
515 1904 578 1942 est
608 1900 676 1954 (cf.
704 1901 859 1943 Buttm.
889 1901 985 1944 Lex.
1010 1902 1065 1952 ΙΙ,
1098 1900 1194 1955 161)
1226 1913 1389 1944 sensum
1418 1900 1606 1943 latiorem

270 1968 453 2011 induisse
482 1967 643 2013 videtur
672 1967 783 2021 apud
814 1968 980 2012 Hesiod.
1013 1968 1087 2011 Th.
1110 1968 1213 2017 483;
1252 1980 1331 2022 quo
1369 1968 1457 2010 loco
1496 1968 1605 2022 quod

273 2038 468 2091 spelunca
497 2036 554 2079 sic
582 2037 825 2090 appellatur,
856 2039 1063 2081 notionem
1085 2037 1280 2091 profundi
1301 2038 1469 2081 subesse
1489 2050 1603 2091 aper-

271 2109 357 2147 tum
388 2108 461 2147 est.

384 2173 561 2217 πολιὸς
590 2173 624 2216 si
652 2174 819 2228 proprie
851 2179 893 2218 et
922 2175 1148 2230 antiquitus
1178 2178 1242 2218 est
1273 2186 1448 2218 »canus«
1484 2173 1604 2229 (Cur-

271 2243 353 2285 tius
384 2241 431 2283 G.
464 2242 501 2282 d.
534 2242 581 2282 E.
605 2242 625 2283 I
653 2255 691 2294 p.
715 2242 837 2296 236),
879 2255 961 2296 qua
1001 2243 1165 2297 quidem
1203 2255 1294 2286 cum
1334 2242 1602 2296 explicatione

270 2310 421 2363 optime
452 2308 640 2362 congruit
670 2322 772 2352 usus
803 2310 992 2355 vocabuli
1012 2311 1266 2363 Homericus,
1297 2310 1503 2353 offendere
1534 2309 1602 2353 de-

270 2379 362 2430 bet,
399 2377 508 2429 quod
537 2376 743 2420 Hesiodus
773 2379 916 2422 eodem
952 2380 1029 2422 hoc
1066 2392 1101 2421 v.
1140 2379 1272 2422 utitur
1309 2391 1383 2432 pro
1423 2377 1602 2432 epitheto

272 2445 380 2489 veris
411 2444 486 2498 Op.
511 2444 591 2485 477
622 2447 664 2487 et
692 2445 773 2486 492
811 2445 958 2490 florum
988 2450 1034 2489 ut
1071 2447 1233 2490 videtur
1269 2447 1445 2491 colorem
1481 2446 1603 2501 signi-

269 2512 405 2557 ficans.
1256 2517 1259 2518 ’

381 2582 443 2624 Ex
471 2592 639 2623 numero
670 2594 810 2625 eorum
841 2583 990 2638 quibus
1020 2597 1099 2628 non
1133 2588 1218 2627 tam
1239 2582 1492 2639 significatus
1514 2597 1601 2627 mu-

270 2650 371 2692 tatio
402 2661 523 2702 quam
554 2649 773 2709 translatio
808 2652 1041 2696 continetur
1079 2657 1240 2696 tantum
1277 2666 1313 2695 v.
1347 2654 1601 2711 χρυσάμπυξ
