<?xml version="1.0" encoding="UTF-8"?>
<!DOCTYPE html PUBLIC "-//W3C//DTD XHTML 1.0 Transitional//EN"
    "http://www.w3.org/TR/xhtml1/DTD/xhtml1-transitional.dtd">
<html xmlns="http://www.w3.org/1999/xhtml" xml:lang="en" lang="en">
 <head>
  <title>
</title>
<meta http-equiv="Content-Type" content="text/html;charset=utf-8" />
  <meta name='ocr-system' content='tesseract 3.04.00' />
  <meta name='ocr-capabilities' content='ocr_page ocr_carea ocr_par ocr_line ocrx_word'/>
</head>
<body>
  <div class='ocr_page' id='page_1' title='image "4737860_0046.png"; bbox 0 0 1967 3062; ppageno 0'>
   <div class='ocr_carea' id='block_1_1' title="bbox 830 186 1109 229">
    <p class='ocr_par' dir='ltr' id='par_1_1' title="bbox 830 186 1109 229">
     <span class='ocr_line' id='line_1_1' title="bbox 830 186 1109 229; baseline 0 -10"><span class='ocrx_word' id='word_1_1' title='bbox 830 186 1109 229; x_wconf 85' lang='lat'>-39—</span> 
     </span>
    </p>
   </div>
   <div class='ocr_carea' id='block_1_2' title="bbox 301 293 1641 970">
    <p class='ocr_par' dir='ltr' id='par_1_2' title="bbox 302 293 1641 424">
     <span class='ocr_line' id='line_1_2' title="bbox 304 293 1641 356; baseline -0.001 -11"><span class='ocrx_word' id='word_1_2' title='bbox 304 305 478 356; x_wconf 87' lang='lat' dir='ltr'><strong>possunt</strong></span> <span class='ocrx_word' id='word_1_3' title='bbox 507 293 597 346; x_wconf 83' lang='lat' dir='ltr'><strong>csse</strong></span> <span class='ocrx_word' id='word_1_4' title='bbox 626 302 667 343; x_wconf 90' lang='lat' dir='ltr'><strong>in</strong></span> <span class='ocrx_word' id='word_1_5' title='bbox 688 301 837 356; x_wconf 87' lang='lat' dir='ltr'><strong>quibus</strong></span> <span class='ocrx_word' id='word_1_6' title='bbox 857 300 989 343; x_wconf 89' lang='lat' dir='ltr'><strong>oratio</strong></span> <span class='ocrx_word' id='word_1_7' title='bbox 1009 301 1170 354; x_wconf 72' lang='lat' dir='ltr'><strong>poetica</strong></span> <span class='ocrx_word' id='word_1_8' title='bbox 1191 301 1388 354; x_wconf 87' lang='lat' dir='ltr'><strong>cernitur,</strong></span> <span class='ocrx_word' id='word_1_9' title='bbox 1418 302 1514 343; x_wconf 90' lang='lat' dir='ltr'><strong>illuc</strong></span> <span class='ocrx_word' id='word_1_10' title='bbox 1534 313 1641 355; x_wconf 88' lang='lat' dir='ltr'><strong>quae</strong></span> 
     </span>
     <span class='ocr_line' id='line_1_3' title="bbox 302 369 903 424; baseline -0.003 -11"><span class='ocrx_word' id='word_1_11' title='bbox 302 371 411 413; x_wconf 86' lang='lat' dir='ltr'><strong>trahi</strong></span> <span class='ocrx_word' id='word_1_12' title='bbox 440 370 502 414; x_wconf 85' lang='lat' dir='ltr'><strong>fas</strong></span> <span class='ocrx_word' id='word_1_13' title='bbox 532 371 587 413; x_wconf 88' lang='lat' dir='ltr'><strong>sit</strong></span> <span class='ocrx_word' id='word_1_14' title='bbox 615 370 718 413; x_wconf 87' lang='lat' dir='ltr'><strong>haec</strong></span> <span class='ocrx_word' id='word_1_15' title='bbox 747 369 903 424; x_wconf 85' lang='lat' dir='ltr'><strong>reperi:</strong></span> 
     </span>
    </p>

    <p class='ocr_par' dir='ltr' id='par_1_3' title="bbox 416 437 700 481">
     <span class='ocr_line' id='line_1_4' title="bbox 416 437 700 481; baseline -0.004 -1"><span class='ocrx_word' id='word_1_16' title='bbox 416 437 700 481; x_wconf 86' lang='lat' dir='ltr'><strong>Substantiva:</strong></span> 
     </span>
    </p>

    <p class='ocr_par' dir='ltr' id='par_1_4' title="bbox 301 504 1639 630">
     <span class='ocr_line' id='line_1_5' title="bbox 412 504 1639 562; baseline 0.002 -16"><span class='ocrx_word' id='word_1_17' title='bbox 412 505 608 561; x_wconf 80' lang='grc' dir='ltr'><em>ἁδροσύ</em></span> <span class='ocrx_word' id='word_1_18' title='bbox 621 519 677 562; x_wconf 80' lang='grc' dir='ltr'><strong>νη</strong></span> <span class='ocrx_word' id='word_1_19' title='bbox 693 505 764 560; x_wconf 90' lang='lat'><strong>†1)</strong></span> <span class='ocrx_word' id='word_1_20' title='bbox 795 504 872 559; x_wconf 88' lang='lat' dir='ltr'><strong>Op.</strong></span> <span class='ocrx_word' id='word_1_21' title='bbox 894 504 975 547; x_wconf 87' lang='lat'><strong>437</strong></span> <span class='ocrx_word' id='word_1_22' title='bbox 1005 505 1168 559; x_wconf 70' lang='lat' dir='ltr'><strong>poetice</strong></span> <span class='ocrx_word' id='word_1_23' title='bbox 1198 505 1403 549; x_wconf 87' lang='lat' dir='ltr'><strong>variatum</strong></span> <span class='ocrx_word' id='word_1_24' title='bbox 1422 518 1472 549; x_wconf 89' lang='lat' dir='ltr'><strong>ex</strong></span> <span class='ocrx_word' id='word_1_25' title='bbox 1491 505 1639 549; x_wconf 89' lang='lat' dir='ltr'><strong>Home-</strong></span> 
     </span>
     <span class='ocr_line' id='line_1_6' title="bbox 301 572 606 630; baseline -0.007 -14"><span class='ocrx_word' id='word_1_26' title='bbox 301 574 385 616; x_wconf 92' lang='lat' dir='ltr'><strong>rico</strong></span> <span class='ocrx_word' id='word_1_27' title='bbox 415 572 606 630; x_wconf 77' lang='grc' dir='ltr'><strong><em>ἁδροτὴς.</em></strong></span> 
     </span>
    </p>

    <p class='ocr_par' dir='ltr' id='par_1_5' title="bbox 301 638 1639 898">
     <span class='ocr_line' id='line_1_7' title="bbox 413 638 1639 696; baseline 0.002 -14"><span class='ocrx_word' id='word_1_28' title='bbox 413 640 621 696; x_wconf 62' lang='grc' dir='ltr'><em>ὃμῶοςῒ</em></span> <span class='ocrx_word' id='word_1_29' title='bbox 651 641 726 695; x_wconf 92' lang='lat' dir='ltr'><strong>Op.</strong></span> <span class='ocrx_word' id='word_1_30' title='bbox 748 640 831 682; x_wconf 86' lang='lat'><strong>470</strong></span> <span class='ocrx_word' id='word_1_31' title='bbox 859 638 1135 684; x_wconf 86' lang='lat' dir='ltr'><strong>nominativus</strong></span> <span class='ocrx_word' id='word_1_32' title='bbox 1168 640 1220 684; x_wconf 91' lang='lat' dir='ltr'><strong>ad</strong></span> <span class='ocrx_word' id='word_1_33' title='bbox 1242 640 1550 684; x_wconf 89' lang='lat' dir='ltr'><strong>similitudinem</strong></span> <span class='ocrx_word' id='word_1_34' title='bbox 1570 653 1639 684; x_wconf 92' lang='lat' dir='ltr'><strong>vo-</strong></span> 
     </span>
     <span class='ocr_line' id='line_1_8' title="bbox 302 708 1637 764; baseline 0.002 -12"><span class='ocrx_word' id='word_1_35' title='bbox 302 710 360 752; x_wconf 88' lang='lat' dir='ltr'><strong>cis</strong></span> <span class='ocrx_word' id='word_1_36' title='bbox 387 709 529 764; x_wconf 83' lang='grc' dir='ltr'><strong><em>Τρῶος·</em></strong></span> <span class='ocrx_word' id='word_1_37' title='bbox 555 721 629 762; x_wconf 90' lang='lat' dir='ltr'><strong>pro</strong></span> <span class='ocrx_word' id='word_1_38' title='bbox 657 708 772 764; x_wconf 80' lang='grc' dir='ltr'><em>Τρὼς</em></span> <span class='ocrx_word' id='word_1_39' title='bbox 799 708 1011 751; x_wconf 88' lang='lat' dir='ltr'><strong>derivatus</strong></span> <span class='ocrx_word' id='word_1_40' title='bbox 1040 721 1066 750; x_wconf 92' lang='lat' dir='ltr'><strong>a</strong></span> <span class='ocrx_word' id='word_1_41' title='bbox 1093 708 1274 762; x_wconf 87' lang='lat' dir='ltr'><strong>genitivo</strong></span> <span class='ocrx_word' id='word_1_42' title='bbox 1295 709 1481 753; x_wconf 83' lang='lat' dir='ltr'>vocabuli</span> <span class='ocrx_word' id='word_1_43' title='bbox 1501 708 1637 764; x_wconf 79' lang='grc' dir='ltr'><em>ὃμώς;</em></span> 
     </span>
     <span class='ocr_line' id='line_1_9' title="bbox 301 775 1635 839; baseline -0.001 -19"><span class='ocrx_word' id='word_1_44' title='bbox 301 776 351 820; x_wconf 86' lang='lat' dir='ltr'><strong>cf.</strong></span> <span class='ocrx_word' id='word_1_45' title='bbox 378 778 512 831; x_wconf 87' lang='lat' dir='ltr'><strong>Etym.</strong></span> <span class='ocrx_word' id='word_1_46' title='bbox 536 778 590 819; x_wconf 93' lang='lat' dir='ltr'><strong>M.</strong></span> <span class='ocrx_word' id='word_1_47' title='bbox 611 790 650 831; x_wconf 89' lang='lat' dir='ltr'><strong>p.</strong></span> <span class='ocrx_word' id='word_1_48' title='bbox 669 777 762 826; x_wconf 90' lang='lat'>770,</span> <span class='ocrx_word' id='word_1_49' title='bbox 783 776 836 819; x_wconf 84' lang='lat'><strong>35</strong></span> <span class='ocrx_word' id='word_1_50' title='bbox 865 779 906 820; x_wconf 91' lang='lat' dir='ltr'><strong>et</strong></span> <span class='ocrx_word' id='word_1_51' title='bbox 927 775 1201 820; x_wconf 87' lang='lat' dir='ltr'><strong>Choerobusc.</strong></span> <span class='ocrx_word' id='word_1_52' title='bbox 1229 788 1298 839; x_wconf 66' lang='lat' dir='ltr'><strong>ap.</strong></span> <span class='ocrx_word' id='word_1_53' title='bbox 1329 776 1453 820; x_wconf 87' lang='lat' dir='ltr'>Beck.</span> <span class='ocrx_word' id='word_1_54' title='bbox 1483 777 1635 820; x_wconf 87' lang='lat' dir='ltr'><strong>Anecd.</strong></span> 
     </span>
     <span class='ocr_line' id='line_1_10' title="bbox 301 846 483 898; baseline 0 -12"><span class='ocrx_word' id='word_1_55' title='bbox 301 858 339 898; x_wconf 86' lang='lat' dir='ltr'><strong>p.</strong></span> <span class='ocrx_word' id='word_1_56' title='bbox 365 846 483 886; x_wconf 89' lang='lat'>1181.</span> 
     </span>
    </p>

    <p class='ocr_par' dir='ltr' id='par_1_6' title="bbox 412 911 1635 970">
     <span class='ocr_line' id='line_1_11' title="bbox 412 911 1635 970; baseline 0 -17"><span class='ocrx_word' id='word_1_57' title='bbox 412 913 622 970; x_wconf 62' lang='grc' dir='ltr'><strong><em>λοχεὸςῒ</em></strong></span> <span class='ocrx_word' id='word_1_58' title='bbox 643 912 715 955; x_wconf 92' lang='lat' dir='ltr'><strong>Th.</strong></span> <span class='ocrx_word' id='word_1_59' title='bbox 728 913 808 955; x_wconf 86' lang='lat'><strong>178</strong></span> <span class='ocrx_word' id='word_1_60' title='bbox 828 925 902 966; x_wconf 88' lang='lat' dir='ltr'><strong>pro</strong></span> <span class='ocrx_word' id='word_1_61' title='bbox 923 911 1044 970; x_wconf 75' lang='grc' dir='ltr'><em>λόχος</em></span> <span class='ocrx_word' id='word_1_62' title='bbox 1062 914 1231 966; x_wconf 82' lang='lat' dir='ltr'><strong>propter</strong></span> <span class='ocrx_word' id='word_1_63' title='bbox 1251 911 1503 967; x_wconf 82' lang='grc' dir='ltr'><em>πλεονασμὸν</em></span> <span class='ocrx_word' id='word_1_64' title='bbox 1523 913 1593 953; x_wconf 86' lang='grc' dir='ltr'><strong>τοῦ</strong></span> <span class='ocrx_word' id='word_1_65' title='bbox 1615 927 1635 953; x_wconf 89' lang='grc' dir='ltr'>ε</span> 
     </span>
    </p>
   </div>
   <div class='ocr_carea' id='block_1_3' title="bbox 300 979 1718 1024">
    <p class='ocr_par' dir='ltr' id='par_1_7' title="bbox 300 979 1718 1024">
     <span class='ocr_line' id='line_1_12' title="bbox 300 979 1718 1024; baseline -0.002 0"><span class='ocrx_word' id='word_1_66' title='bbox 300 994 325 1023; x_wconf 88' lang='lat' dir='ltr'><strong>a</strong></span> <span class='ocrx_word' id='word_1_67' title='bbox 354 981 479 1024; x_wconf 88' lang='lat' dir='ltr'><strong>schol.</strong></span> <span class='ocrx_word' id='word_1_68' title='bbox 501 980 617 1023; x_wconf 90' lang='lat' dir='ltr'><strong>Hom.</strong></span> <span class='ocrx_word' id='word_1_69' title='bbox 644 981 672 1022; x_wconf 89' lang='lat' dir='ltr'><em>A</em></span> <span class='ocrx_word' id='word_1_70' title='bbox 702 980 755 1023; x_wconf 89' lang='lat' dir='ltr'><strong>ad</strong></span> <span class='ocrx_word' id='word_1_71' title='bbox 794 979 834 1020; x_wconf 80' lang='grc' dir='ltr'><em>Ψ</em></span> <span class='ocrx_word' id='word_1_72' title='bbox 844 980 926 1021; x_wconf 91' lang='grc'><strong>160</strong></span> <span class='ocrx_word' id='word_1_73' title='bbox 955 979 1163 1022; x_wconf 84' lang='lat' dir='ltr'><strong>confertur</strong></span> <span class='ocrx_word' id='word_1_74' title='bbox 1185 991 1277 1022; x_wconf 91' lang='lat' dir='ltr'><strong>cum</strong></span> <span class='ocrx_word' id='word_1_75' title='bbox 1297 991 1396 1022; x_wconf 87' lang='lat' dir='ltr'><strong>voce</strong></span> <span class='ocrx_word' id='word_1_76' title='bbox 1417 979 1636 1022; x_wconf 86' lang='lat' dir='ltr'><strong>Homerica</strong></span> <span class='ocrx_word' id='word_1_77' title='bbox 1716 1004 1718 1007; x_wconf 34' lang='grc' dir='ltr'><strong>ν</strong></span> 
     </span>
    </p>
   </div>
   <div class='ocr_carea' id='block_1_4' title="bbox 293 1047 1635 2466">
    <p class='ocr_par' dir='ltr' id='par_1_8' title="bbox 299 1047 1635 1240">
     <span class='ocr_line' id='line_1_13' title="bbox 300 1047 1633 1107; baseline -0.001 -16"><span class='ocrx_word' id='word_1_78' title='bbox 300 1049 459 1107; x_wconf 77' lang='grc' dir='ltr'><em>κηὸεὸς,</em></span> <span class='ocrx_word' id='word_1_79' title='bbox 490 1062 594 1104; x_wconf 89' lang='lat' dir='ltr'><strong>quae</strong></span> <span class='ocrx_word' id='word_1_80' title='bbox 622 1053 759 1092; x_wconf 89' lang='lat' dir='ltr'><strong>tamen</strong></span> <span class='ocrx_word' id='word_1_81' title='bbox 789 1061 934 1092; x_wconf 88' lang='lat' dir='ltr'><strong>vereor</strong></span> <span class='ocrx_word' id='word_1_82' title='bbox 962 1061 1014 1092; x_wconf 92' lang='lat' dir='ltr'><strong>ne</strong></span> <span class='ocrx_word' id='word_1_83' title='bbox 1034 1047 1139 1092; x_wconf 88' lang='lat' dir='ltr'><strong>alius</strong></span> <span class='ocrx_word' id='word_1_84' title='bbox 1159 1047 1332 1091; x_wconf 86' lang='lat' dir='ltr'><strong>rationis</strong></span> <span class='ocrx_word' id='word_1_85' title='bbox 1352 1047 1417 1090; x_wconf 89' lang='lat' dir='ltr'><strong>sit.</strong></span> <span class='ocrx_word' id='word_1_86' title='bbox 1464 1048 1633 1091; x_wconf 80' lang='lat' dir='ltr'><strong>Rectius</strong></span> 
     </span>
     <span class='ocr_line' id='line_1_14' title="bbox 299 1114 1635 1175; baseline -0.004 -15"><span class='ocrx_word' id='word_1_87' title='bbox 299 1119 340 1160; x_wconf 87' lang='lat' dir='ltr'><strong>in</strong></span> <span class='ocrx_word' id='word_1_88' title='bbox 371 1118 533 1161; x_wconf 86' lang='lat' dir='ltr'><strong>scholiis</strong></span> <span class='ocrx_word' id='word_1_89' title='bbox 563 1118 616 1160; x_wconf 87' lang='lat' dir='ltr'><strong>ad</strong></span> <span class='ocrx_word' id='word_1_90' title='bbox 645 1118 752 1160; x_wconf 90' lang='lat' dir='ltr'><strong>hunc</strong></span> <span class='ocrx_word' id='word_1_91' title='bbox 781 1117 950 1159; x_wconf 85' lang='lat' dir='ltr'><strong>Hesiodi</strong></span> <span class='ocrx_word' id='word_1_92' title='bbox 978 1117 1111 1158; x_wconf 91' lang='lat' dir='ltr'><strong>locum</strong></span> <span class='ocrx_word' id='word_1_93' title='bbox 1133 1116 1389 1158; x_wconf 86' lang='lat' dir='ltr'><strong>Aristonicus</strong></span> <span class='ocrx_word' id='word_1_94' title='bbox 1418 1114 1635 1175; x_wconf 31' lang='lat' dir='ltr'><strong>vrz‘lopebc</strong></span> 
     </span>
     <span class='ocr_line' id='line_1_15' title="bbox 300 1183 1547 1240; baseline -0.003 -11"><span class='ocrx_word' id='word_1_95' title='bbox 300 1186 599 1240; x_wconf 84' lang='lat' dir='ltr'><strong>comparavisse</strong></span> <span class='ocrx_word' id='word_1_96' title='bbox 629 1186 821 1238; x_wconf 83' lang='lat' dir='ltr'><strong>traditur,</strong></span> <span class='ocrx_word' id='word_1_97' title='bbox 853 1186 905 1227; x_wconf 90' lang='lat' dir='ltr'><strong>de</strong></span> <span class='ocrx_word' id='word_1_98' title='bbox 933 1197 1015 1239; x_wconf 91' lang='lat' dir='ltr'><strong>quo</strong></span> <span class='ocrx_word' id='word_1_99' title='bbox 1044 1197 1081 1226; x_wconf 88' lang='lat' dir='ltr'><strong>v.</strong></span> <span class='ocrx_word' id='word_1_100' title='bbox 1113 1184 1259 1227; x_wconf 89' lang='lat' dir='ltr'><strong>Lehrs.</strong></span> <span class='ocrx_word' id='word_1_101' title='bbox 1294 1183 1416 1226; x_wconf 87' lang='lat' dir='ltr'><strong>Arist.</strong></span> <span class='ocrx_word' id='word_1_102' title='bbox 1447 1197 1486 1237; x_wconf 91' lang='lat' dir='ltr'><strong>p.</strong></span> <span class='ocrx_word' id='word_1_103' title='bbox 1510 1184 1547 1225; x_wconf 91' lang='lat'><strong>6.</strong></span> 
     </span>
    </p>

    <p class='ocr_par' dir='ltr' id='par_1_9' title="bbox 296 1251 1632 1437">
     <span class='ocr_line' id='line_1_16' title="bbox 406 1251 1632 1310; baseline -0.002 -16"><span class='ocrx_word' id='word_1_104' title='bbox 406 1253 598 1310; x_wconf 75' lang='grc' dir='ltr'><em>μακε-ἕλη</em></span> <span class='ocrx_word' id='word_1_105' title='bbox 630 1253 705 1305; x_wconf 92' lang='lat' dir='ltr'><strong>Op.</strong></span> <span class='ocrx_word' id='word_1_106' title='bbox 722 1253 806 1294; x_wconf 86' lang='lat'><strong>470</strong></span> <span class='ocrx_word' id='word_1_107' title='bbox 826 1265 900 1306; x_wconf 90' lang='lat' dir='ltr'><strong>pro</strong></span> <span class='ocrx_word' id='word_1_108' title='bbox 920 1253 1037 1294; x_wconf 92' lang='lat' dir='ltr'><strong>Hom.</strong></span> <span class='ocrx_word' id='word_1_109' title='bbox 1056 1252 1239 1306; x_wconf 75' lang='grc' dir='ltr'><em>μάκελλα</em></span> <span class='ocrx_word' id='word_1_110' title='bbox 1264 1255 1424 1294; x_wconf 82' lang='lat' dir='ltr'><strong>mutata</strong></span> <span class='ocrx_word' id='word_1_111' title='bbox 1444 1251 1632 1293; x_wconf 86' lang='lat' dir='ltr'><strong>vocabuli</strong></span> 
     </span>
     <span class='ocr_line' id='line_1_17' title="bbox 299 1319 1629 1379; baseline -0.002 -17"><span class='ocrx_word' id='word_1_112' title='bbox 299 1320 489 1374; x_wconf 86' lang='lat' dir='ltr'><strong>prosodia</strong></span> <span class='ocrx_word' id='word_1_113' title='bbox 517 1325 686 1374; x_wconf 87' lang='lat' dir='ltr'><strong>praeter</strong></span> <span class='ocrx_word' id='word_1_114' title='bbox 704 1319 932 1379; x_wconf 85' lang='lat' dir='ltr'><strong>Hesiodum</strong></span> <span class='ocrx_word' id='word_1_115' title='bbox 963 1320 1089 1363; x_wconf 90' lang='lat' dir='ltr'><strong>habet</strong></span> <span class='ocrx_word' id='word_1_116' title='bbox 1107 1319 1237 1374; x_wconf 91' lang='lat' dir='ltr'><strong>Apoll.</strong></span> <span class='ocrx_word' id='word_1_117' title='bbox 1261 1319 1392 1362; x_wconf 90' lang='lat' dir='ltr'><strong>Rhod.</strong></span> <span class='ocrx_word' id='word_1_118' title='bbox 1415 1319 1485 1370; x_wconf 87' lang='lat' dir='ltr'><strong>IV,</strong></span> <span class='ocrx_word' id='word_1_119' title='bbox 1509 1319 1629 1361; x_wconf 88' lang='lat'>1533.</span> 
     </span>
     <span class='ocr_line' id='line_1_18' title="bbox 296 1387 919 1437; baseline -0.002 -6"><span class='ocrx_word' id='word_1_120' title='bbox 296 1388 464 1432; x_wconf 88' lang='lat' dir='ltr'><strong>Theocr.</strong></span> <span class='ocrx_word' id='word_1_121' title='bbox 487 1387 597 1437; x_wconf 85' lang='lat' dir='ltr'>XVI,</span> <span class='ocrx_word' id='word_1_122' title='bbox 619 1388 685 1430; x_wconf 84' lang='lat'><strong>32.</strong></span> <span class='ocrx_word' id='word_1_123' title='bbox 745 1389 859 1431; x_wconf 93' lang='lat' dir='ltr'><strong>Arat.</strong></span> <span class='ocrx_word' id='word_1_124' title='bbox 882 1389 919 1430; x_wconf 88' lang='lat'><strong>8.</strong></span> 
     </span>
    </p>

    <p class='ocr_par' dir='ltr' id='par_1_10' title="bbox 293 1456 1630 1780">
     <span class='ocr_line' id='line_1_19' title="bbox 405 1456 1629 1513; baseline 0 -17"><span class='ocrx_word' id='word_1_125' title='bbox 405 1472 435 1509; x_wconf 85' lang='grc' dir='ltr'><em>μ</em></span> <span class='ocrx_word' id='word_1_126' title='bbox 447 1456 632 1497; x_wconf 78' lang='grc' dir='ltr'><em>ελεδὼν</em></span> <span class='ocrx_word' id='word_1_127' title='bbox 652 1468 726 1509; x_wconf 88' lang='lat' dir='ltr'><strong>pro</strong></span> <span class='ocrx_word' id='word_1_128' title='bbox 742 1456 862 1499; x_wconf 93' lang='lat' dir='ltr'><strong>Hom.</strong></span> <span class='ocrx_word' id='word_1_129' title='bbox 881 1456 1112 1513; x_wconf 81' lang='grc' dir='ltr'><em>μελεδώνη,</em></span> <span class='ocrx_word' id='word_1_130' title='bbox 1136 1456 1169 1498; x_wconf 88' lang='lat' dir='ltr'><strong>si</strong></span> <span class='ocrx_word' id='word_1_131' title='bbox 1189 1459 1301 1498; x_wconf 90' lang='lat' dir='ltr'><strong>recte</strong></span> <span class='ocrx_word' id='word_1_132' title='bbox 1319 1456 1470 1509; x_wconf 88' lang='lat' dir='ltr'><strong>legitur</strong></span> <span class='ocrx_word' id='word_1_133' title='bbox 1490 1456 1566 1509; x_wconf 92' lang='lat' dir='ltr'><strong>Op.</strong></span> <span class='ocrx_word' id='word_1_134' title='bbox 1577 1457 1629 1497; x_wconf 86' lang='lat'><strong>66</strong></span> 
     </span>
     <span class='ocr_line' id='line_1_20' title="bbox 293 1522 1630 1579; baseline 0.001 -15"><span class='ocrx_word' id='word_1_135' title='bbox 293 1523 544 1579; x_wconf 75' lang='grc' dir='ltr'><em>μελεδῶνας.</em></span> <span class='ocrx_word' id='word_1_136' title='bbox 595 1524 848 1577; x_wconf 84' lang='lat' dir='ltr'><strong>Quamquam</strong></span> <span class='ocrx_word' id='word_1_137' title='bbox 879 1523 920 1566; x_wconf 91' lang='lat' dir='ltr'><strong>in</strong></span> <span class='ocrx_word' id='word_1_138' title='bbox 950 1523 1041 1578; x_wconf 85' lang='lat' dir='ltr'><strong>ipsa</strong></span> <span class='ocrx_word' id='word_1_139' title='bbox 1068 1522 1145 1567; x_wconf 93' lang='lat' dir='ltr'><strong>hac</strong></span> <span class='ocrx_word' id='word_1_140' title='bbox 1173 1523 1304 1568; x_wconf 83' lang='lat' dir='ltr'><strong>forma</strong></span> <span class='ocrx_word' id='word_1_141' title='bbox 1332 1524 1366 1567; x_wconf 87' lang='lat' dir='ltr'><strong>si</strong></span> <span class='ocrx_word' id='word_1_142' title='bbox 1387 1523 1479 1578; x_wconf 88' lang='lat' dir='ltr'><strong>quis</strong></span> <span class='ocrx_word' id='word_1_143' title='bbox 1498 1523 1551 1566; x_wconf 90' lang='lat' dir='ltr'><strong>ad</strong></span> <span class='ocrx_word' id='word_1_144' title='bbox 1570 1523 1630 1566; x_wconf 91' lang='lat' dir='ltr'><strong>in-</strong></span> 
     </span>
     <span class='ocr_line' id='line_1_21' title="bbox 296 1591 1627 1645; baseline 0 -13"><span class='ocrx_word' id='word_1_145' title='bbox 296 1594 383 1632; x_wconf 87' lang='lat' dir='ltr'><strong>star</strong></span> <span class='ocrx_word' id='word_1_146' title='bbox 415 1592 594 1634; x_wconf 91' lang='lat' dir='ltr'><strong>locorum</strong></span> <span class='ocrx_word' id='word_1_147' title='bbox 626 1603 729 1644; x_wconf 89' lang='lat' dir='ltr'><strong>quos</strong></span> <span class='ocrx_word' id='word_1_148' title='bbox 760 1591 1081 1634; x_wconf 75' lang='lat' dir='ltr'><strong>Forstemannus</strong></span> <span class='ocrx_word' id='word_1_149' title='bbox 1113 1592 1164 1634; x_wconf 88' lang='lat' dir='ltr'><strong>de</strong></span> <span class='ocrx_word' id='word_1_150' title='bbox 1194 1592 1354 1635; x_wconf 85' lang='lat' dir='ltr'><strong>dialect.</strong></span> <span class='ocrx_word' id='word_1_151' title='bbox 1383 1593 1479 1634; x_wconf 88' lang='lat' dir='ltr'><strong>Hes.</strong></span> <span class='ocrx_word' id='word_1_152' title='bbox 1511 1605 1548 1645; x_wconf 85' lang='lat' dir='ltr'><strong>p.</strong></span> <span class='ocrx_word' id='word_1_153' title='bbox 1577 1592 1627 1633; x_wconf 91' lang='lat'><strong>13</strong></span> 
     </span>
     <span class='ocr_line' id='line_1_22' title="bbox 299 1657 1627 1712; baseline 0 -10"><span class='ocrx_word' id='word_1_154' title='bbox 299 1658 554 1703; x_wconf 88' lang='lat' dir='ltr'><strong>enumeravit</strong></span> <span class='ocrx_word' id='word_1_155' title='bbox 591 1658 867 1702; x_wconf 87' lang='lat' dir='ltr'><strong>accusativum</strong></span> <span class='ocrx_word' id='word_1_156' title='bbox 907 1658 1090 1703; x_wconf 90' lang='lat' dir='ltr'><strong>doricum</strong></span> <span class='ocrx_word' id='word_1_157' title='bbox 1127 1657 1257 1703; x_wconf 85' lang='lat' dir='ltr'><strong>latere</strong></span> <span class='ocrx_word' id='word_1_158' title='bbox 1302 1658 1421 1712; x_wconf 87' lang='lat' dir='ltr'><strong>velit,</strong></span> <span class='ocrx_word' id='word_1_159' title='bbox 1467 1659 1504 1702; x_wconf 90' lang='lat' dir='ltr'><strong>ei</strong></span> <span class='ocrx_word' id='word_1_160' title='bbox 1547 1671 1627 1702; x_wconf 87' lang='lat' dir='ltr'><strong>non</strong></span> 
     </span>
     <span class='ocr_line' id='line_1_23' title="bbox 295 1726 826 1780; baseline -0.002 -12"><span class='ocrx_word' id='word_1_161' title='bbox 295 1728 412 1770; x_wconf 88' lang='lat' dir='ltr'><strong>video</strong></span> <span class='ocrx_word' id='word_1_162' title='bbox 441 1726 539 1780; x_wconf 88' lang='lat' dir='ltr'><strong>quid</strong></span> <span class='ocrx_word' id='word_1_163' title='bbox 573 1727 826 1769; x_wconf 84' lang='lat' dir='ltr'><strong>adversetur.</strong></span> 
     </span>
    </p>

    <p class='ocr_par' dir='ltr' id='par_1_11' title="bbox 294 1793 1627 1918">
     <span class='ocr_line' id='line_1_24' title="bbox 408 1793 1627 1851; baseline 0.002 -15"><span class='ocrx_word' id='word_1_164' title='bbox 408 1794 525 1840; x_wconf 70' lang='lat'><strong>330&lt;</strong></span> <span class='ocrx_word' id='word_1_165' title='bbox 545 1793 619 1847; x_wconf 92' lang='lat' dir='ltr'><strong>Op.</strong></span> <span class='ocrx_word' id='word_1_166' title='bbox 640 1794 688 1835; x_wconf 91' lang='lat'><strong>61</strong></span> <span class='ocrx_word' id='word_1_167' title='bbox 722 1793 854 1837; x_wconf 86' lang='lat' dir='ltr'><strong>forma</strong></span> <span class='ocrx_word' id='word_1_168' title='bbox 882 1795 1045 1848; x_wconf 77' lang='lat' dir='ltr'><strong>poetica</strong></span> <span class='ocrx_word' id='word_1_169' title='bbox 1072 1807 1148 1849; x_wconf 88' lang='lat' dir='ltr'><strong>pro</strong></span> <span class='ocrx_word' id='word_1_170' title='bbox 1177 1795 1292 1851; x_wconf 75' lang='grc' dir='ltr'><em>ὕδωρ</em></span> <span class='ocrx_word' id='word_1_171' title='bbox 1312 1796 1521 1850; x_wconf 90' lang='lat' dir='ltr'><strong>aliquanto</strong></span> <span class='ocrx_word' id='word_1_172' title='bbox 1539 1808 1627 1839; x_wconf 91' lang='lat' dir='ltr'><strong>sae-</strong></span> 
     </span>
     <span class='ocr_line' id='line_1_25' title="bbox 294 1861 1357 1918; baseline 0.001 -14"><span class='ocrx_word' id='word_1_173' title='bbox 294 1862 386 1916; x_wconf 86' lang='lat' dir='ltr'><strong>pius</strong></span> <span class='ocrx_word' id='word_1_174' title='bbox 417 1862 633 1914; x_wconf 87' lang='lat' dir='ltr'><strong>invenitur,</strong></span> <span class='ocrx_word' id='word_1_175' title='bbox 669 1861 867 1915; x_wconf 90' lang='lat' dir='ltr'><strong>imprimis</strong></span> <span class='ocrx_word' id='word_1_176' title='bbox 896 1862 1006 1916; x_wconf 89' lang='lat' dir='ltr'><strong>apud</strong></span> <span class='ocrx_word' id='word_1_177' title='bbox 1035 1868 1179 1917; x_wconf 74' lang='lat' dir='ltr'><strong>poetas</strong></span> <span class='ocrx_word' id='word_1_178' title='bbox 1209 1863 1357 1918; x_wconf 82' lang='lat' dir='ltr'><strong>epicos,</strong></span> 
     </span>
    </p>

    <p class='ocr_par' dir='ltr' id='par_1_12' title="bbox 405 1930 637 1973">
     <span class='ocr_line' id='line_1_26' title="bbox 405 1930 637 1973; baseline -0.004 -2"><span class='ocrx_word' id='word_1_179' title='bbox 405 1930 637 1973; x_wconf 86' lang='lat' dir='ltr'><strong>Adiectiva:</strong></span> 
     </span>
    </p>

    <p class='ocr_par' dir='ltr' id='par_1_13' title="bbox 293 1998 1626 2324">
     <span class='ocr_line' id='line_1_27' title="bbox 405 1998 1626 2055; baseline 0.002 -16"><span class='ocrx_word' id='word_1_180' title='bbox 405 1998 556 2043; x_wconf 79' lang='grc' dir='ltr'><strong><em>ἄᾶτος</em></strong></span> <span class='ocrx_word' id='word_1_181' title='bbox 575 1999 601 2052; x_wconf 91' lang='lat'><strong>†</strong></span> <span class='ocrx_word' id='word_1_182' title='bbox 630 1998 703 2040; x_wconf 87' lang='lat' dir='ltr'><strong>Th.</strong></span> <span class='ocrx_word' id='word_1_183' title='bbox 727 1999 809 2040; x_wconf 85' lang='lat'><strong>714</strong></span> <span class='ocrx_word' id='word_1_184' title='bbox 838 2011 912 2052; x_wconf 89' lang='lat' dir='ltr'><strong>pro</strong></span> <span class='ocrx_word' id='word_1_185' title='bbox 932 2000 1051 2043; x_wconf 88' lang='lat' dir='ltr'><strong>Hom.</strong></span> <span class='ocrx_word' id='word_1_186' title='bbox 1083 1999 1181 2046; x_wconf 80' lang='grc' dir='ltr'><em>ἆτος</em></span> <span class='ocrx_word' id='word_1_187' title='bbox 1210 2000 1277 2054; x_wconf 86' lang='lat' dir='ltr'><strong>(cf.</strong></span> <span class='ocrx_word' id='word_1_188' title='bbox 1309 2000 1427 2042; x_wconf 79' lang='grc' dir='ltr'><strong><em>ἄᾶται</em></strong></span> <span class='ocrx_word' id='word_1_189' title='bbox 1447 1999 1510 2043; x_wconf 88' lang='lat' dir='ltr'><strong>Sc.</strong></span> <span class='ocrx_word' id='word_1_190' title='bbox 1530 2001 1626 2055; x_wconf 87' lang='grc'>101)</span> 
     </span>
     <span class='ocr_line' id='line_1_28' title="bbox 294 2066 1626 2122; baseline 0.003 -14"><span class='ocrx_word' id='word_1_191' title='bbox 294 2067 500 2121; x_wconf 88' lang='lat' dir='ltr'><strong>singulare</strong></span> <span class='ocrx_word' id='word_1_192' title='bbox 530 2066 764 2109; x_wconf 86' lang='lat' dir='ltr'><strong>diaereseos</strong></span> <span class='ocrx_word' id='word_1_193' title='bbox 794 2068 1024 2122; x_wconf 87' lang='lat' dir='ltr'><strong>exemplum</strong></span> <span class='ocrx_word' id='word_1_194' title='bbox 1055 2071 1120 2111; x_wconf 92' lang='lat' dir='ltr'><strong>est</strong></span> <span class='ocrx_word' id='word_1_195' title='bbox 1139 2072 1306 2122; x_wconf 88' lang='lat' dir='ltr'><strong>propter</strong></span> <span class='ocrx_word' id='word_1_196' title='bbox 1325 2069 1626 2121; x_wconf 88' lang='lat' dir='ltr'><strong>correptionem</strong></span> 
     </span>
     <span class='ocr_line' id='line_1_29' title="bbox 293 2133 1626 2191; baseline 0.003 -14"><span class='ocrx_word' id='word_1_197' title='bbox 293 2134 464 2178; x_wconf 90' lang='lat' dir='ltr'><strong>alterius</strong></span> <span class='ocrx_word' id='word_1_198' title='bbox 493 2133 667 2189; x_wconf 86' lang='lat' dir='ltr'><strong>eiusque</strong></span> <span class='ocrx_word' id='word_1_199' title='bbox 696 2133 888 2178; x_wconf 90' lang='lat' dir='ltr'><strong>radicalis</strong></span> <span class='ocrx_word' id='word_1_200' title='bbox 909 2150 949 2186; x_wconf 89' lang='grc' dir='ltr'><strong>α,</strong></span> <span class='ocrx_word' id='word_1_201' title='bbox 980 2137 1089 2191; x_wconf 92' lang='lat' dir='ltr'><strong>quod</strong></span> <span class='ocrx_word' id='word_1_202' title='bbox 1119 2136 1201 2179; x_wconf 92' lang='lat' dir='ltr'><strong>iam</strong></span> <span class='ocrx_word' id='word_1_203' title='bbox 1221 2136 1516 2180; x_wconf 89' lang='lat' dir='ltr'><strong>Buttmannum</strong></span> <span class='ocrx_word' id='word_1_204' title='bbox 1543 2149 1626 2181; x_wconf 91' lang='lat' dir='ltr'><strong>mo-</strong></span> 
     </span>
     <span class='ocr_line' id='line_1_30' title="bbox 294 2202 1621 2258; baseline 0.002 -13"><span class='ocrx_word' id='word_1_205' title='bbox 294 2204 373 2255; x_wconf 88' lang='lat' dir='ltr'><strong>vit,</strong></span> <span class='ocrx_word' id='word_1_206' title='bbox 413 2207 460 2246; x_wconf 91' lang='lat' dir='ltr'><strong>ut</strong></span> <span class='ocrx_word' id='word_1_207' title='bbox 495 2202 628 2246; x_wconf 92' lang='lat' dir='ltr'><strong>locum</strong></span> <span class='ocrx_word' id='word_1_208' title='bbox 663 2202 914 2247; x_wconf 85' lang='lat' dir='ltr'><strong>Hesiodeum</strong></span> <span class='ocrx_word' id='word_1_209' title='bbox 951 2217 1025 2258; x_wconf 90' lang='lat' dir='ltr'><strong>pro</strong></span> <span class='ocrx_word' id='word_1_210' title='bbox 1061 2208 1250 2258; x_wconf 87' lang='lat' dir='ltr'><strong>suspecto</strong></span> <span class='ocrx_word' id='word_1_211' title='bbox 1288 2204 1459 2248; x_wconf 84' lang='lat' dir='ltr'><strong>haberet</strong></span> <span class='ocrx_word' id='word_1_212' title='bbox 1496 2205 1621 2248; x_wconf 84' lang='lat' dir='ltr'><strong>Lexil.</strong></span> 
     </span>
     <span class='ocr_line' id='line_1_31' title="bbox 293 2272 450 2324; baseline -0.006 -10"><span class='ocrx_word' id='word_1_213' title='bbox 293 2272 324 2324; x_wconf 92' lang='lat' dir='ltr'><strong>I,</strong></span> <span class='ocrx_word' id='word_1_214' title='bbox 357 2272 450 2315; x_wconf 83' lang='grc'>218.</span> 
     </span>
    </p>

    <p class='ocr_par' dir='ltr' id='par_1_14' title="bbox 293 2340 1626 2466">
     <span class='ocr_line' id='line_1_32' title="bbox 403 2340 1626 2399; baseline 0.003 -18"><span class='ocrx_word' id='word_1_215' title='bbox 403 2340 638 2385; x_wconf 80' lang='grc' dir='ltr'><em>ἀείὸελος</em></span> <span class='ocrx_word' id='word_1_216' title='bbox 665 2340 733 2382; x_wconf 85' lang='lat' dir='ltr'><strong>Fr.</strong></span> <span class='ocrx_word' id='word_1_217' title='bbox 754 2340 887 2385; x_wconf 85' lang='lat' dir='ltr'>XCVI</span> <span class='ocrx_word' id='word_1_218' title='bbox 916 2354 991 2396; x_wconf 85' lang='lat' dir='ltr'><strong>pro</strong></span> <span class='ocrx_word' id='word_1_219' title='bbox 1010 2342 1128 2385; x_wconf 92' lang='lat' dir='ltr'><strong>Hom.</strong></span> <span class='ocrx_word' id='word_1_220' title='bbox 1161 2341 1324 2399; x_wconf 78' lang='grc' dir='ltr'><em>ἀΐδηλος</em></span> <span class='ocrx_word' id='word_1_221' title='bbox 1355 2342 1541 2385; x_wconf 86' lang='lat' dir='ltr'><strong>similiter</strong></span> <span class='ocrx_word' id='word_1_222' title='bbox 1564 2345 1626 2385; x_wconf 89' lang='lat' dir='ltr'><strong>at-</strong></span> 
     </span>
     <span class='ocr_line' id='line_1_33' title="bbox 293 2407 1626 2466; baseline 0 -13"><span class='ocrx_word' id='word_1_223' title='bbox 293 2421 373 2464; x_wconf 84' lang='lat' dir='ltr'><strong>que</strong></span> <span class='ocrx_word' id='word_1_224' title='bbox 403 2407 634 2465; x_wconf 79' lang='grc' dir='ltr'><em>ἀπερείσιος</em></span> <span class='ocrx_word' id='word_1_225' title='bbox 663 2419 737 2462; x_wconf 89' lang='lat' dir='ltr'><strong>pro</strong></span> <span class='ocrx_word' id='word_1_226' title='bbox 768 2408 1002 2466; x_wconf 82' lang='grc' dir='ltr'><em>ἅπειρέσιος</em></span> <span class='ocrx_word' id='word_1_227' title='bbox 1023 2409 1084 2454; x_wconf 82' lang='lat' dir='ltr'><strong>ita</strong></span> <span class='ocrx_word' id='word_1_228' title='bbox 1103 2408 1321 2454; x_wconf 80' lang='lat' dir='ltr'><strong>formatum</strong></span> <span class='ocrx_word' id='word_1_229' title='bbox 1347 2421 1449 2460; x_wconf 84' lang='lat' dir='ltr'><strong>esse,</strong></span> <span class='ocrx_word' id='word_1_230' title='bbox 1480 2412 1526 2452; x_wconf 87' lang='lat' dir='ltr'><strong>ut</strong></span> <span class='ocrx_word' id='word_1_231' title='bbox 1544 2410 1626 2464; x_wconf 84' lang='lat' dir='ltr'><strong>syl-</strong></span> 
     </span>
    </p>
   </div>
   <div class='ocr_carea' id='block_1_5' title="bbox 298 2512 559 2521">
    <p class='ocr_par' dir='ltr' id='par_1_15' title="bbox 298 2512 559 2521">
     <span class='ocr_line' id='line_1_34' title="bbox 298 2512 559 2521; baseline 0 0"><span class='ocrx_word' id='word_1_232' title='bbox 298 2512 559 2521; x_wconf 95' lang='lat' dir='ltr'><strong> </strong></span> 
     </span>
    </p>
   </div>
   <div class='ocr_carea' id='block_1_6' title="bbox 394 2573 1626 2622">
    <p class='ocr_par' dir='ltr' id='par_1_16' title="bbox 394 2573 1626 2622">
     <span class='ocr_line' id='line_1_35' title="bbox 394 2573 1626 2622; baseline 0.003 -12"><span class='ocrx_word' id='word_1_233' title='bbox 394 2576 423 2620; x_wconf 90' lang='lat'><strong>1)</strong></span> <span class='ocrx_word' id='word_1_234' title='bbox 447 2584 530 2611; x_wconf 86' lang='lat' dir='ltr'><strong>usus</strong></span> <span class='ocrx_word' id='word_1_235' title='bbox 553 2584 628 2611; x_wconf 89' lang='lat' dir='ltr'><strong>sum</strong></span> <span class='ocrx_word' id='word_1_236' title='bbox 650 2573 717 2611; x_wconf 91' lang='lat' dir='ltr'><strong>hoc</strong></span> <span class='ocrx_word' id='word_1_237' title='bbox 741 2573 840 2620; x_wconf 85' lang='lat' dir='ltr'><strong>signo</strong></span> <span class='ocrx_word' id='word_1_238' title='bbox 864 2574 910 2612; x_wconf 88' lang='lat' dir='ltr'><strong>ad</strong></span> <span class='ocrx_word' id='word_1_239' title='bbox 933 2575 1178 2622; x_wconf 85' lang='lat' dir='ltr'><strong>distinguenda</strong></span> <span class='ocrx_word' id='word_1_240' title='bbox 1202 2586 1244 2613; x_wconf 89' lang='lat' dir='ltr'><strong>ea</strong></span> <span class='ocrx_word' id='word_1_241' title='bbox 1265 2575 1435 2612; x_wconf 86' lang='lat' dir='ltr'><strong>vocabula</strong></span> <span class='ocrx_word' id='word_1_242' title='bbox 1459 2584 1548 2622; x_wconf 88' lang='lat' dir='ltr'><strong>quae</strong></span> <span class='ocrx_word' id='word_1_243' title='bbox 1573 2585 1626 2614; x_wconf 86' lang='lat' dir='ltr'><strong>so·</strong></span> 
     </span>
    </p>
   </div>
   <div class='ocr_carea' id='block_1_7' title="bbox 200 2630 891 2678">
    <p class='ocr_par' dir='ltr' id='par_1_17' title="bbox 200 2630 891 2678">
     <span class='ocr_line' id='line_1_36' title="bbox 200 2630 891 2678; baseline -0.001 -10"><span class='ocrx_word' id='word_1_244' title='bbox 200 2644 210 2656; x_wconf 86' lang='lat'><strong>·</strong></span> <span class='ocrx_word' id='word_1_245' title='bbox 292 2632 362 2668; x_wconf 90' lang='lat' dir='ltr'><strong>lum</strong></span> <span class='ocrx_word' id='word_1_246' title='bbox 386 2632 480 2678; x_wconf 86' lang='lat' dir='ltr'><strong>apud</strong></span> <span class='ocrx_word' id='word_1_247' title='bbox 502 2630 694 2667; x_wconf 83' lang='lat' dir='ltr'><strong>Hesiodum</strong></span> <span class='ocrx_word' id='word_1_248' title='bbox 718 2631 891 2676; x_wconf 85' lang='lat' dir='ltr'><strong>leguntur.</strong></span> 
     </span>
    </p>
   </div>
  </div>
 </body>
</html>
