1967 3062
750 244 1067 287 .—-25...

255 361 406 401 vacant
437 370 568 412 usque
597 358 649 400 ad
674 355 875 401 Herodoti
905 360 1092 410 tempora
1121 358 1192 411 qui
1222 357 1300 400 hoc
1329 356 1498 399 verbum
1521 356 1593 399 ha-

254 427 326 470 bet
354 426 469 479 1,82.
502 427 574 479 ΙΧ,
591 426 657 469 80.
1049 432 1055 443 ¹

367 507 403 537 v.
437 494 609 536 τάσσω
648 493 758 547 quod
797 505 887 536 cum
926 495 1015 536 tota
1044 492 1132 535 eius
1171 493 1366 547 progenie
1398 492 1513 536 deest
1553 493 1592 536 in

255 563 436 606 Homero
466 563 641 617 primum
673 565 882 616 comparet
910 561 1020 615 apud
1048 561 1274 605 Hesiodum
1304 562 1346 604 in
1368 562 1592 616 composito

254 630 477 679 ὃιατάσσω,
509 631 570 673 ita
599 630 765 683 quidem
788 634 834 672 ut
856 630 975 684 quasi
1010 630 1048 672 in
1072 630 1364 682 patrimonium
1385 630 1592 673 Homerici

254 696 543 755 τεκμαίρεσθαι
573 698 801 751 irrumpere
830 698 1030 740 videatur.
1055 698 1167 749 -Qua
1189 698 1280 752 ipsa
1299 699 1387 740 vice
1407 697 1591 741 functum

254 766 405 809 dicitur
443 770 485 808 et
520 766 562 808 in
593 765 666 808 Th.
693 765 747 806 74
785 768 827 807 et
861 765 903 806 in
935 764 1010 817 Op.
1034 765 1115 806 276
1148 765 1199 808 de
1230 765 1591 808 constitutionibus

252 835 524 889 sempiternis,
555 834 704 887 quibus
736 833 893 886 Iupiter
923 846 1065 876 rerum
1101 836 1144 876 et
1172 833 1401 877 divinarum
1439 837 1482 878 et
1516 833 1592 877 hu-

252 915 467 946 manarum
502 903 687 945 ordinem
718 903 911 945 sanxerit.
959 903 1111 945 Verum
1142 902 1264 945 huius
1295 915 1457 956 quoque
1477 903 1590 945 verbi

251 984 353 1015 usus
384 972 598 1026 aliquanto
619 971 752 1015 serius
773 971 1068 1013 inveteravisse
1088 970 1298 1025 putandus
1319 973 1394 1023 est,
1426 970 1461 1012 si
1491 970 1589 1023 quid

250 1040 497 1083 concludere
526 1040 621 1082 licet
651 1040 692 1081 in
722 1039 799 1081 hac
828 1038 1151 1091 fragmentorum
1181 1039 1407 1092 exiguitate
1427 1042 1470 1081 et
1491 1051 1588 1092 pau-

249 1108 385 1151 citate.
445 1108 606 1150 Primus
647 1107 772 1150 habet
809 1111 904 1160 post
940 1106 1165 1150 Hesiodum
1211 1106 1415 1150 Pindarus
1450 1106 1589 1159 01.11,

250 1177 332 1227 54.,
366 1176 590 1228 Aeschylus
621 1175 870 1227 quindecies,
900 1175 1052 1228 septies
1083 1175 1330 1218 Herodotus.
1352 1189 1362 1194 ·

360 1242 544 1297 Denique
573 1244 747 1298 possunt
775 1242 875 1287 haec
896 1241 991 1286 addi
1014 1253 1119 1299 quae
1140 1243 1286 1285 saltem
1315 1243 1453 1286 obiter
1483 1254 1589 1286 com-

248 1327 488 1354 memorem:

368 1377 664 1422 Substantiva:
696 1378 802 1440 ἷσχὺ
816 1395 837 1426 ς
855 1378 928 1423 Th.
949 1379 1041 1422 146.
1061 1379 1153 1423 153.
1171 1379 1265 1423 823.
1299 1379 1434 1437 (Hom.
1457 1377 1503 1433 ἴς,
1517 1379 1588 1437 με’-

249 1464 327 1495 νος,
359 1449 470 1504 ἀλκὴ,
503 1447 651 1492 σθένος
671 1449 767 1501 etc.)
799 1449 849 1490 cf.
872 1450 955 1490 Sol.
973 1450 1040 1499 27,
1058 1451 1096 1489 8.
1114 1473 1170 1479 —
1190 1465 1273 1489 και
1280 1466 1310 1502 ρ
1324 1451 1379 1493 ὸς
1399 1451 1474 1501 Op.
1492 1451 1586 1490 694.

249 1515 385 1571 (Hom.
403 1514 573 1573 καίριος)
605 1518 646 1559 et
677 1514 946 1573 παρακαίριος
975 1515 1050 1571 Op.
1080 1515 1175 1559 329.
1202 1515 1257 1560 cf.
1287 1515 1466 1571 Theogn.
1494 1516 1586 1559 199.

247 1585 341 1625 401.
371 1608 426 1614 —·
451 1584 642 1640 μελέτη
675 1585 749 1636 Op.
767 1585 862 1625 380.
879 1586 975 1625 412.
994 1585 1089 1626 457.
1121 1588 1163 1627 et
1180 1586 1370 1639 μελετάω
1399 1585 1475 1636 Op.
1491 1585 1585 1626 316.

246 1652 342 1695 443.
374 1651 423 1696 cf.
448 1652 598 1696 ArChil.
624 1652 687 1696 15.
719 1653 900 1708 Theogn.
923 1653 1018 1696 924.
1040 1653 1204 1708 Phocyl.
1231 1654 1268 1707 7,
1288 1655 1324 1696 1.
1347 1678 1402 1684 -—-
1418 1652 1589 1700 πίστις

248 1721 323 1774 Op.
341 1721 422 1762 372
454 1721 591 1775 (Hom.
612 1721 730 1762 πιστὰ
758 1721 779 1762 λ
800 1721 882 1763 456
914 1721 963 1764 cf.
985 1722 1167 1765 Nitzsch.
1192 1723 1268 1775 ΙΙΙ,
1287 1722 1387 1777 277)
1418 1726 1460 1764 et
1489 1723 1585 1764 ibid.

249 1788 431 1830 ἀπιστί
443 1804 480 1845 η.
514 1789 563 1832 cf.
585 1789 765 1843 Theogn.
789 1790 854 1831 64.
877 1813 931 1819 —
964 1789 1085 1848 τύχη
1115 1802 1189 1843 pro
1220 1801 1327 1832 nom.
1348 1803 1485 1844 propr.
1507 1790 1580 1832 Th.

245 1856 348 1905 360;
381 1856 429 1899 cf.
452 1857 576 1899 schol.
598 1857 718 1899 Hom.
741 1858 776 1900 V
797 1858 849 1900 ad
870 1857 900 1897 A
924 1858 1016 1899 106.
1043 1858 1180 1911 (Hom.
1199 1857 1344 1913 μοῖρα)
1366 1862 1408 1900 et
1429 1858 1580 1900 Archil.

247 1925 310 1967 16.
346 1924 473 1968 Alcm.
497 1925 564 1966 62.

359 1992 585 2034 adiectiva:
607 1992 638 2033 ἄ
644 2008 674 2048 φ
686 1991 745 2033 θα
759 2009 810 2034 νο
823 2009 844 2039 ς
864 1994 939 2048 Op.
959 1994 1039 2036 118
1062 1994 1197 2049 (Hom.
1216 1992 1402 2050 φθονέω)
1428 1992 1477 2036 cf.
1496 1993 1582 2036 Sol.

245 2060 361 2113 33‚5.
380 2060 445 2114 38,
463 2061 502 2103 5.
532 2085 588 2091 -—
615 2061 769 2116 βαιὸς
799 2061 873 2116 ΟΡ.
887 2061 968 2104 418
990 2060 1233 2115 cf.Sol.9,l.
1255 2060 1584 2117 -εὐὸαίμων

248 2127 384 2182 (Hom.
407 2127 681 2183 ὀλβιοὸαἶμων
702 2128 741 2169 Γ
751 2129 849 2183 182)
871 2129 947 2183 Op.
960 2130 1054 2171 826.
1077 2129 1127 2172 cf.
1149 2130 1329 2183 Theogn.
1348 2129 1441 2171 653.
1461 2129 1580 2170 1013.

244 2220 297 2228 —
330 2196 553 2253 σκληρὸς
583 2197 656 2239 Th.
680 2197 775 2239 839.
808 2197 857 2240 cf.
880 2198 1059 2252 Theogn.
1084 2197 1204 2239 1194.

357 2264 499 2305 verba:
526 2264 740 2320 μαυρόω
761 2265 837 2320 ΟΡ.
850 2265 945 2308 325.
977 2264 1028 2308 cf.
1049 2265 1334 2320 Theogn.192.
1352 2288 1403 2295 -—
1422 2264 1582 2321 ᾠιλόω

229 2332 310 2374 Fr.
333 2332 464 2382 XLII,
486 2332 524 2373 3.
556 2332 606 2375 cf.
630 2333 783 2376 Herod.
802 2334 873 2386 IV,
891 2334 956 2375 26.
976 2334 1042 2375 61.
1075 2358 1131 2371 —
1159 2335 1210 2376 de
1234 2334 1357 2377 verbo
1382 2333 1584 2391 γηρύομαι

246 2399 339 2443 vide
371 2399 576 2443 Thiersch.
599 2399 625 2442 1.
646 2400 672 2442 l.
694 2401 772 2445 sub
793 2402 832 2446 b.
