1967 3062
807 249 1086 290 -19-

276 363 558 408 Aristarchum
588 364 642 406 ad
664 363 694 405 Θ
710 363 764 405 66
785 375 849 416 ap.
871 361 1015 404 Lehrs.
1031 362 1129 417 151)
1163 374 1210 406 ac
1238 374 1313 415 pro
1345 375 1395 406 ea
1423 362 1619 405 matutini

275 436 394 485 parte
431 438 658 487 usurpatur
696 444 804 486 quae
844 432 897 473 ad
933 431 1068 485 ipsum
1113 443 1289 475 aurorae
1319 434 1457 474 ortum
1487 431 1621 486 vergit

277 499 344 554 (cf.
363 500 396 553 β
417 500 517 555 434)
527 501 572 554 1).
619 501 756 554 Atque
777 499 921 541 eadem
944 499 1021 542 hac
1050 498 1348 553 significatione
1377 500 1532 543 dictum
1554 502 1619 542 est

274 568 375 610 illud
404 569 654 612 Hesiodeum
674 567 750 622 Op.
769 567 850 609 577
873 565 1032 623 ὄρθρου
1055 563 1314 623 ἀνιστάμενος
1333 568 1412 610 κτλ.
1442 570 1485 610 et
1504 567 1615 609 idem

276 650 312 678 v.
337 637 440 680 latet
467 638 510 680 in
539 637 720 691 epitheto
760 636 969 678 hirundini
1006 637 1161 679 tributo
1192 635 1403 694 ὀρθρογόη
1433 636 1508 690 Op.
1526 635 1619 685 568,

274 705 371 748 licet
410 705 487 749 hoc
523 705 612 748 loco
650 717 732 748 non
774 705 1032 747 consentiant
1066 705 1175 748 inter
1203 718 1249 748 se
1278 706 1437 748 codices
1466 705 1619 758 partim

274 773 380 816 hanc
393 775 544 827 partim
562 774 809 826 scripturam
826 771 1010 829 ὀρθογόη
1027 774 1285 826 praebentes.
1332 772 1613 815 Conferendus

275 844 339 883 est
356 841 464 895 hym.
487 842 612 884 Mero.
631 841 697 893 98,
728 843 823 895 post
843 841 992 895 Ibycus
1009 842 1034 881 7
1062 845 1104 883 et
1119 841 1299 895 Theogn.
1316 841 1397 883 863
1420 838 1613 896 (ὄρθιος).

386 923 423 952 v.
462 910 620 967 σοφίη
659 910 785 952 semel
823 910 949 952 habet
983 910 1188 953 Homerus
1231 910 1261 950 O
1289 909 1394 961 412,
1434 912 1617 951 ceterum

276 979 406 1021 omnis
436 979 562 1032 stirps
592 980 722 1021 deest.
774 978 892 1029 Quod
923 991 1014 1021 cum
1045 979 1136 1021 iure
1165 978 1346 1021 offendat
1374 978 1415 1019 in
1446 977 1520 1019 tali
1549 989 1621 1020 vo·

279 1047 447 1099 cabulo,
486 1059 538 1089 ne
576 1045 645 1089 ille
682 1046 848 1099 quidem
887 1045 1002 1089 locus
1041 1060 1067 1089 a
1095 1046 1328 1101 suspicione
1357 1058 1512 1088 vacuus
1543 1048 1618 1088 est.

275 1115 402 1156 Extat
431 1114 536 1156 enim
566 1115 607 1156 in
632 1114 936 1167 comparatione
957 1127 1080 1167 quam
1101 1127 1193 1157 sero
1216 1114 1399 1156 additam
1419 1125 1510 1156 esse
1532 1113 1618 1155 veri

275 1193 357 1223 non
385 1181 574 1224 absimile
604 1184 668 1224 est
698 1181 764 1235 (cf.
787 1181 969 1224 Nitzsch.
987 1182 1042 1234 II,
1061 1182 1142 1224 215
1161 1185 1202 1225 et
1221 1181 1492 1224 Friedlander
1512 1180 1621 1224 Zwei

275 1249 381 1291 hom.
404 1248 803 1291 Worterverzeichn.
827 1248 868 1291 S.
888 1249 1000 1302 783).
1047 1249 1218 1292 Accedit
1239 1249 1349 1301 quod
1369 1262 1451 1291 non
1472 1249 1621 1291 desunt

275 1315 316 1357 in
338 1315 532 1359 thesauro
553 1315 770 1359 Homerico
801 1316 1000 1359 vocabula
1030 1328 1257 1370 synonyma
1288 1317 1439 1370 quibus
1459 1315 1619 1360 sollem-

274 1382 382 1425 niter
411 1386 535 1437 poeta
564 1384 709 1435 utitur,
740 1384 961 1438 praecipue
992 1384 1161 1427 verbum
1188 1384 1337 1441 δαῆναι
1366 1389 1409 1427 et
1439 1396 1545 1437 quae
1565 1384 1618 1426 ab

276 1463 324 1494 eo
355 1451 539 1494 derivata
570 1455 681 1500 sunt,
712 1455 802 1495 tum
831 1453 1091 1496 substantiva
1120 1452 1237 1511 τέχνη
1261 1456 1303 1496 et
1319 1455 1455 1510 μῆτις.
1496 1453 1619 1506 Apud

275 1519 500 1562 Hesiodum
530 1524 572 1562 et
600 1522 771 1563 verbum
803 1521 961 1577 σοφίζω
991 1522 1144 1575 legitur
1168 1521 1243 1575 Op.
1263 1523 1344 1563 649
1375 1522 1434 1563 ita
1454 1521 1619 1574 quidem

277 1591 323 1630 ut
346 1599 420 1641 pro
442 1589 657 1643 participio
679 1590 950 1646 σεσοφιμένος
972 1590 1092 1632 facile
1108 1591 1337 1633 substituas
1355 1590 1617 1633 Homericum

275 1655 440 1701 δεδαὼς
455 1659 497 1698 et
516 1658 763 1700 substantivi
784 1658 907 1715 σοφίη
923 1658 1094 1712 pluralis
1116 1659 1183 1700 Fr.
1209 1657 1427 1701 CXXXIII
1447 1670 1616 1713 prorsus

275 1724 415 1766 eodem
447 1737 570 1768 sensu
600 1727 758 1780 positus
786 1739 868 1780 quo
890 1727 1000 1781 apud
1021 1727 1246 1769 Homerum
1267 1727 1438 1780 pluralis
1470 1726 1613 1784 τέχναι.

255 1793 411 1846 ‘Atque
440 1793 503 1835 his
533 1794 633 1848 ipsis
664 1795 763 1837 locis
794 1796 829 1838 si
859 1795 951 1848 quis
993 1807 1139 1848 parum
1183 1795 1382 1848 confidat,
1427 1796 1462 1837 is
1499 1794 1620 1837 velim

275 1860 506 1906 consideret
534 1861 639 1905 hanc
670 1864 948 1917 exemplorum
977 1863 1133 1917 copiam
1167 1877 1216 1907 ex
1236 1864 1370 1918 poetis
1391 1863 1619 1907 Hesiodum

275 1928 458 1981 proxime
478 1930 629 1971 secutis
650 1931 948 1985 conquisitam:
979 1932 1125 1974 adiect.
1149 1933 1282 1987 σοφὸς
1298 1945 1363 1986 ap.
1381 1932 1531 1974 Archil.
1548 1932 1616 1973 45.

274 1995 402 2038 Alcm.
426 1996 523 2048 12,1
549 2001 591 2040 et
611 1997 677 2051 25,
695 1999 775 2053 22).
795 2000 977 2053 Theogn.
1000 1999 1095 2042 502.
1122 2000 1215 2042 682.
1240 2000 1320 2042 902
1342 2012 1466 2054 saep„
1487 2001 1617 2043 subst.

275 2062 397 2119 σοφίη
429 2062 511 2105 Sol.
535 2064 600 2117 13,
616 2066 682 2107 52.
713 2066 766 2109 id.
791 2067 942 2119 27,16.
975 2068 1117 2110 Erinn.
1136 2068 1175 2120 4,
1192 2068 1244 2121 2.,
1270 2069 1381 2111 verb.
1400 2068 1619 2124 σοφίζομαι

274 2130 453 2184 Theogn.
474 2131 537 2174 19.

385 2211 423 2241 v.
456 2198 615 2254 ὕμνος
643 2215 724 2246 11011
754 2204 908 2258 legitur
946 2205 1057 2259 apud
1089 2204 1313 2248 Homerum
1351 2204 1432 2246 nisi
1469 2202 1499 2244 19
1535 2203 1616 2245 429

273 2279 395 2321 quem
430 2267 564 2311 locum
600 2275 672 2314 aut
708 2284 800 2315 sero
840 2273 1029 2316 additum
1077 2276 1151 2316 aut
1195 2272 1489 2325 interpolatum
1527 2283 1619 2315 esse

372 2393 400 2437 1)
431 2392 523 2428 Nam
555 2393 729 2431 immerito
769 2397 838 2433 hoc
869 2401 977 2443 negat
1009 2397 1211 2433 Nitzschius
1243 2395 1344 2431 Erkl.
1376 2395 1544 2430 Anmerk.
1573 2406 1619 2430 zu

272 2448 374 2484 Hom.
389 2447 453 2483 Od.
465 2448 493 2492 I,
508 2451 571 2486 127
588 2450 733 2486 verbum
749 2453 914 2500 ἀνορούω
935 2466 959 2500 γ
979 2458 995 2491 1
1021 2464 1091 2489 non
1113 2452 1160 2488 ad
1183 2456 1299 2488 ortum
1316 2451 1378 2487 sed
1394 2452 1440 2487 ad
1455 2452 1618 2487 altiorem

273 2505 356 2541 solis
379 2504 548 2541 ambitum
571 2506 738 2544 referens.

373 2575 403 2621 2)
427 2574 463 2609 in
487 2585 555 2619 quo
580 2575 663 2611 licet
687 2583 891 2624 corruptum
915 2580 960 2615 sit
984 2579 1078 2624 quod
1101 2579 1240 2616 codices
1270 2579 1402 2615 habent
1432 2579 1532 2625 παρὰ
1562 2592 1617 2614 σο-

273 2633 406 2679 φοῖσιν,
430 2632 488 2668 vel
511 2632 560 2668 sic
583 2633 684 2669 radix
707 2647 739 2673 v.
756 2638 870 2683 σοφὸς
894 2642 991 2674 certa
1014 2642 1068 2674 est
1092 2639 1164 2674 sive
1181 2637 1338 2674 Jacobsii
1353 2637 1425 2673 sive
1438 2636 1618 2674 Welckeri

275 2690 512 2726 coniecturam
535 2691 675 2735 probas.

1347 2753 1391 2790 2*
