1967 3062
886 254 1165 295 —26—

892 601 1082 662 CAPUT
1118 604 1176 665 II.

490 732 564 783 DE
605 731 906 784 VOCABULIS
948 730 1188 783 NOTIONE
1230 731 1300 783 AB
1341 730 1563 783 HOMERO

787 834 1264 913 DISCREPANTIBUS.

469 990 687 1044 Pergimus
718 988 771 1032 ad
801 988 978 1032 alterum
1008 988 1108 1031 illud
1139 988 1431 1032 vocabulorum
1463 1001 1619 1043 genus,
1663 990 1705 1032 in

358 1070 440 1111 quo
477 1070 558 1098 non
596 1057 675 1098 nisi
720 1069 821 1097 usus
852 1057 1054 1108 quaedam
1086 1056 1315 1099 differentia
1346 1058 1539 1099 cernitur.
1599 1058 1706 1099 Nam

357 1126 436 1168 hoc
464 1137 631 1179 quoque
662 1125 828 1167 nomine
850 1128 953 1178 quot
973 1124 1221 1176 quantisque
1246 1125 1546 1168 mutationibus
1566 1125 1708 1179 lingua

358 1196 559 1246 perpetuo
590 1193 765 1234 obnoxia
794 1192 850 1233 sit
870 1204 988 1234 nemo
1009 1193 1184 1244 ignorat.
1232 1192 1336 1234 Sunt
1356 1193 1397 1234 in
1419 1193 1568 1245 quibus
1589 1193 1702 1235 notio

360 1259 646 1313 amplificetur.
706 1261 843 1314 Atque
873 1260 1138 1303 inveniuntur
1166 1260 1207 1302 in
1233 1260 1310 1304 hoc
1341 1272 1511 1304 numero
1532 1260 1707 1314 plurima

357 1342 463 1384 quae
484 1342 510 1371 a
530 1327 827 1381 significatione
847 1329 907 1370 rei
930 1329 980 1370 ad
1003 1340 1148 1370 sensus
1169 1329 1393 1382 spectantis
1425 1329 1477 1371 ad
1498 1329 1619 1371 aliam
1639 1329 1709 1371 de-

356 1397 546 1442 flexerint
567 1397 699 1451 magis
724 1397 956 1450 generalem
985 1401 1027 1440 et
1054 1401 1101 1440 ut
1129 1398 1306 1441 barbare
1337 1410 1429 1440 cum
1456 1397 1708 1452 philosophis

356 1467 504 1521 loquar
533 1467 801 1509 abstractam.
852 1466 1012 1508 Rursus
1044 1466 1125 1508 alia
1155 1470 1253 1508 sunt
1282 1479 1389 1520 quae
1419 1466 1454 1508 si
1484 1467 1709 1509 Homerum

358 1548 574 1589 comparas
595 1547 717 1577 usum
740 1535 960 1578 exhibeant
981 1535 1227 1577 arctioribus
1252 1533 1404 1577 finibus
1427 1535 1707 1588 circumscrip-

358 1607 459 1646 tum.
507 1603 555 1645 In
586 1614 667 1656 quo
697 1602 744 1645 fit
775 1615 911 1656 saepe,
944 1606 990 1644 ut
1018 1615 1066 1645 ex
1097 1603 1258 1656 integra
1288 1603 1399 1646 vocis
1433 1604 1597 1646 notione
1617 1616 1710 1657 par-

357 1673 485 1714 ticula
514 1676 733 1725 separetur
765 1684 872 1725 quae
903 1671 1075 1724 reliquis
1107 1671 1296 1724 superior
1334 1671 1417 1713 exit
1456 1684 1504 1713 ex
1545 1683 1710 1725 quaque

356 1741 608 1784 recentiores
629 1738 951 1795 significationes
973 1739 1031 1781 sic
1047 1737 1378 1791 proficiscuntur,
1397 1739 1511 1782 velut
1526 1740 1568 1781 in
1585 1739 1708 1782 anulo

357 1810 545 1863 singulae
577 1821 668 1851 sese
697 1813 840 1862 partes
872 1807 1091 1860 excipiunt.

470 1877 609 1931 Atque
640 1889 664 1919 a
696 1875 966 1920 substantivis
998 1876 1193 1929 quoniam
1226 1875 1470 1919 ordiendum
1501 1881 1578 1929 est,

470 1959 507 1986 v.
541 1945 654 1990 αἶνος
694 1945 774 1987 iam
814 1945 924 1997 apud
956 1945 1179 1986 Homerum
1223 1957 1302 1986 non
1336 1945 1468 1987 solum
1498 1946 1709 1988 notionem

356 2014 491 2058 laudis
523 2013 717 2065 continet,
763 2013 835 2056 sed
867 2016 1094 2066 usurpatur
1137 2013 1262 2055 etiam
1303 2012 1356 2055 ad
1394 2011 1710 2067 significandum

358 2087 516 2124 certum
539 2082 705 2135 aliquod
727 2093 860 2133 genus
881 2081 1142 2130 narrationis,
1164 2081 1399 2123 istiusmodi
1421 2082 1586 2133 quidem
1603 2093 1710 2134 quae

358 2150 545 2196 consulto
575 2149 758 2205 fingatur
789 2149 829 2192 in
865 2161 1031 2203 quaque
1062 2160 1207 2192 sensus
1227 2148 1358 2192 lateat
1377 2147 1561 2192 ulterior.
1604 2148 1710 2192 Nam

358 2220 416 2262 sic
453 2219 792 2272 interpretandus
831 2221 896 2259 est
932 2217 1046 2259 locus
1088 2217 1297 2270 Odysseae
1331 2217 1356 2263 ξ
1386 2217 1608 2258 459—502
1641 2217 1708 2272 (cf.

358 2288 658 2330 Buttmannum
697 2286 739 2329 in
770 2285 953 2338 Lexilog.
983 2284 1036 2337 ΙΙ,
1063 2284 1187 2339 10].).
1235 2284 1390 2328 Verum
1421 2296 1502 2327 non
1532 2284 1710 2339 quadrat

358 2357 400 2398 in
430 2356 660 2398 Homerum
691 2354 912 2407 explicatio
943 2354 1053 2396 vocis
1084 2354 1135 2396 ab
1166 2353 1385 2396 Ammonio
1417 2353 1514 2396 Lex.
1536 2366 1574 2407 p.
1598 2354 1623 2394 6
1645 2353 1707 2397 ed.

359 2423 504 2468 Valck.
544 2423 762 2477 proposita
799 2426 970 2477 propter
1009 2422 1211 2466 adiectam
1244 2422 1540 2466 accuratiorem
1570 2420 1710 2465 defini-

358 2493 511 2535 tionem
530 2492 609 2533 ἀπὸ
627 2492 788 2545 ἀλόγων
812 2491 932 2539 ζώων
953 2489 978 2547 ἢ
999 2493 1153 2546 φυτῶν,
1176 2491 1354 2545 quadrat
1376 2493 1514 2532 autem
1535 2490 1576 2531 in
1598 2489 1709 2530 αἶνον

359 2562 473 2605 illum
514 2561 769 2605 Hesiodeum
807 2561 1011 2603 insertum
1054 2559 1260 2614 Operibus
1309 2561 1351 2602 et
1379 2559 1428 2601 D.
1468 2571 1505 2600 v.
1538 2558 1619 2600 202
1647 2570 1708 2612 sq.

361 2630 491 2674 Cuius
520 2630 582 2674 ita
610 2629 794 2672 instituit
812 2631 937 2683 poeta
958 2628 1175 2681 rationem,
1206 2631 1254 2670 ut
1276 2639 1369 2671 cum
1389 2628 1592 2681 castigare
1611 2626 1712 2669 velit

372 2698 554 2743 iudicum
593 2698 785 2742 iniuriam
817 2696 1095 2751 colloquentes
1134 2696 1258 2740 faciat
1286 2696 1394 2738 inter
1422 2700 1468 2739 se
1495 2694 1709 2738 lusciniam
