1967 3062
880 243 1159 286 „28-

342 355 419 411 Op.
442 356 481 406 9,
513 357 606 407 192,
636 356 730 410 213,
759 356 853 410 217,
886 357 979 410 272,
1010 357 1105 410 275,
1139 357 1234 410 278,
1265 357 1360 399 279.
1395 356 1463 399 Fr.
1489 355 1690 400 CCXVII.

341 424 467 468 Novit
494 424 702 469 Homerus
732 426 856 485 etiam
878 424 1153 480 significatum
1174 426 1314 469 iudicii
1345 424 1687 481 (Rechtsspruch)

342 492 382 535 Σ
406 494 501 537 508.
532 495 554 536 λ
583 494 677 537 570.
737 495 793 537 Et
828 494 895 537 hic
932 494 1098 547 quidem
1128 494 1239 548 apud
1269 493 1502 538 Hesiodum
1533 493 1693 538 obtinet

343 562 420 617 Op.
451 563 518 615 36,
542 564 634 613 124,
656 564 749 616 219,
772 564 865 615 221,
889 564 982 614 225,
1005 563 1100 615 250,
1123 563 1221 615 254,
1243 563 1345 611 2643
1385 563 1458 604 Th.
1484 562 1551 604 86.
1611 562 1694 605 Ob-

343 632 475 675 tinere
506 632 681 675 eundem
702 632 826 675 etiam
848 631 916 674 Fr.
940 631 1179 674 CLXXXII.
1203 630 1279 685 Op.
1305 630 1374 683 39,
1398 630 1489 684 124,
1513 630 1595 673 262
1616 630 1693 674 tibi

343 700 609 752 persuadeas.
656 701 710 742 At
730 700 806 753 Op.
824 700 905 740 249
941 712 1032 742 cum
1064 704 1189 753 poeta
1218 700 1377 741 iudices
1407 699 1587 741 retinere
1608 702 1695 740 stu-

344 769 442 812 deat
470 781 496 812 a
524 768 675 812 iudicio
705 769 859 812 iniusto
880 769 991 822 quod
1012 768 1195 812 nondum
1216 768 1347 812 latum
1367 772 1442 822 est,
1479 771 1591 812 certe
1619 754 1691 811 d'u-

343 849 436 880 rum
466 840 531 880 est
560 836 673 895 δίκην
702 850 777 892 pro
807 838 962 880 iudicio
992 837 1180 890 accipere
1213 838 1294 889 ita,
1334 840 1382 879 ut
1419 837 1694 891 supplendum

343 906 399 949 sit
438 906 574 961 »quod
611 906 653 948 in
692 919 740 949 eo
786 909 862 959 est,
893 910 940 949 ut
970 906 1166 949 seratum
1229 906 1357 958 Atqui
1387 905 1560 948 eandem
1588 905 1694 949 hanc

343 974 728 1029 interpretationem
762 974 982 1028 quominus
1013 973 1198 1017 conferas
1231 974 1282 1016 ad
1313 973 1389 1028 Op.
1418 974 1512 1023 269,
1543 985 1690 1016 sensus

343 1043 556 1098 prohibet;
596 1056 691 1086 nam
722 1044 917 1086 iudicium
950 1043 1129 1087 nondum
1172 1042 1302 1086 latum
1339 1054 1462 1096 quam
1499 1054 1691 1096 perverse

344 1111 552 1154 diceretur
583 1111 695 1157 πόλις
724 1110 909 1166 ἐέργειν]
944 1111 1146 1153 Nimirum
1177 1110 1453 1154 confitendum
1478 1114 1543 1154 est
1565 1111 1687 1153 aliam

342 1180 406 1223 his
446 1179 546 1223 locis
586 1180 786 1222 contineri
822 1179 1011 1223 vocabuli
1051 1182 1302 1232 potestatem
1333 1193 1416 1234 qua
1454 1183 1518 1223 est
1556 1192 1693 1233 causa,

343 1248 635 1290 controversia.
681 1247 797 1299 Quae
827 1251 874 1290 ut
894 1247 947 1290 ab
970 1247 1150 1290 Homero
1181 1247 1315 1290 aliena
1346 1251 1411 1290 est
1443 1248 1510 1303 (cf.
1533 1249 1684 1291 Ameis.

343 1317 518 1370 append.
541 1317 594 1368 II,
618 1317 703 1370 72),
733 1317 792 1358 ita
822 1329 928 1359 nova
959 1316 1099 1359 existit
1128 1317 1171 1358 in
1201 1315 1395 1359 Hesiodo,
1451 1315 1512 1358 Os.
1544 1329 1595 1359 ex
1624 1330 1688 1360 re-

341 1383 465 1437 liquis
495 1385 603 1438 hym.
626 1384 753 1427 Merc.
777 1384 872 1426 312.
922 1384 1103 1438 Theogn.
1127 1384 1221 1426 544.

455 1465 493 1493 v.
526 1451 759 1508 ἔμπορος
786 1453 896 1506 quod
927 1453 991 1495 bis
1022 1455 1136 1494 extat
1165 1452 1275 1506 apud
1305 1452 1532 1496 Homerum
1559 1453 1688 1507 ,3319

344 1525 386 1563 et
402 1536 436 1560 ω
453 1520 581 1575 300¹)
612 1523 725 1563 recte
742 1520 955 1562 Dammius
976 1520 1282 1574 interpretatur
1315 1524 1480 1564 »vector
1499 1522 1540 1564 in
1561 1522 1696 1564 aliena

343 1590 478 1632 navi«.
548 1589 654 1632 Hinc
696 1589 807 1643 quod
852 1589 1083 1632 derivatum
1122 1593 1185 1632 est
1224 1589 1481 1633 abstractum
1520 1589 1693 1648 ἐμπορὶη

343 1657 454 1710 apud
495 1657 721 1699 Homerum
758 1667 839 1698 non
878 1656 1104 1705 invenitur,
1151 1660 1276 1711 atque
1317 1657 1428 1711 apud
1465 1657 1693 1700 Hesiodum

344 1725 414 1768 ubi
444 1725 598 1779 legitur
628 1723 704 1778 Op.
728 1724 822 1773 646,
854 1736 946 1767 cum
979 1736 1114 1767 sermo
1145 1725 1199 1767 sit
1232 1725 1283 1767 de
1313 1728 1491 1778 quaestu
1520 1738 1595 1779 per
1624 1737 1691 1767 na-

343 1793 596 1846 vigationem
628 1792 890 1845 acquirendo,
922 1805 1002 1834 non
1034 1792 1206 1835 dubium
1237 1797 1302 1836 est
1331 1794 1430 1847 quin
1463 1793 1578 1836 notio
1607 1793 1694 1836 vul-

342 1861 455 1916 garis
477 1860 738 1915 agnoscenda
759 1860 813 1902 sit
834 1872 915 1914 qua
932 1863 995 1903 est
1016 1863 1263 1904 mercatura.
1296 1860 1357 1904 cf.
1380 1860 1479 1904 Sim.
1505 1862 1551 1904 A.
1571 1862 1635 1914 16,
1653 1861 1691 1903 2.

342 1930 524 1984 Theogn.
557 1929 679 1970 1166.

456 2010 493 2040 v.
511 1996 612 2056 ἦῦο
625 2013 646 2043 ς
675 1997 739 2041 bis
759 1996 912 2052 legitur
932 1997 1043 2050 apud
1060 1996 1300 2052 Homerum,
1325 1996 1534 2053 significat
1553 2001 1693 2042 autem

335 2066 491 2109 ‘sedes
523 2069 773 2108 consuetae«
808 2078 943 2119 neque
975 2071 1201 2120 usurpatur
1242 2067 1321 2108 nisi
1353 2067 1404 2109 de
1433 2066 1693 2120 animalibus,

343 2134 394 2178 de
425 2134 542 2187 equis
573 2133 612 2175 Z
630 2135 709 2176 511
733 2152 788 2169 =
814 2134 844 2173 O
865 2133 964 2184 268,
995 2134 1045 2177 de
1075 2135 1220 2179 suibus
1242 2135 1268 2182 ξ
1285 2135 1382 2176 411.
1428 2134 1565 2187 Atque
1585 2133 1694 2178 idem

343 2203 454 2245 valet
483 2203 595 2256 apud
625 2203 853 2245 Hesiodum
875 2201 951 2255 Op.
975 2203 1072 2254 525,
1106 2204 1177 2245 ubi
1199 2204 1250 2246 de
1274 2203 1414 2256 polypi
1435 2202 1603 2244 humido
1625 2203 1694 2245 do-

343 2270 494 2313 micilio
525 2270 688 2322 dicitur,
730 2283 864 2324 neque
909 2269 1047 2313 differt
1076 2270 1332 2325 significatus
1372 2270 1414 2313 in
1446 2269 1522 2324 Op.
1542 2269 1620 2312 137
1653 2273 1695 2313 et

344 2332 439 2389 222,
470 2337 550 2379 nisi
570 2338 680 2389 quod
701 2337 756 2379 ad
776 2337 963 2380 homines
986 2339 1235 2380 translatum
1261 2342 1338 2381 est.
1384 2339 1458 2380 Th.
1479 2339 1532 2380 66
1553 2342 1693 2381 utrum

344 2405 396 2449 de
425 2404 641 2449 domiciliis
672 2417 724 2449 an
755 2405 807 2449 de
828 2405 990 2448 naturis
1009 2405 1181 2450 deorum
1201 2405 1487 2460 accipiendum
1510 2405 1577 2458 sit,
1609 2417 1693 2449 am-

342 2474 523 2529 bigitur;
554 2477 738 2517 attamen
768 2473 897 2517 alteri
927 2474 1022 2517 huic
1052 2474 1389 2530 interpretationi
1419 2477 1462 2517 e't
1490 2474 1696 2518 sententia

344 2545 388 2585 et
426 2541 639 2596 epitheton
675 2542 764 2585 voci
802 2541 978 2584 inditum
1025 2541 1147 2584 κεδνὰ
1199 2542 1266 2598 (cf.
1297 2542 1374 2597 Op.
1402 2543 1501 2598 699)
1541 2543 1692 2587 favent.

447 2691 476 2735 1)
499 2688 579 2725 vide
603 2688 646 2726 de
669 2689 737 2727 hoc
761 2690 839 2728 loco
864 2688 995 2735 Spohn.
1026 2688 1070 2725 de
1101 2692 1190 2725 extr.
1222 2692 1325 2735 parte
1349 2687 1526 2735 Odysseae
1556 2697 1592 2733 p.
1618 2688 1693 2726 186.
