1967 3062
865 279 1144 320 -34-

326 392 493 436 omnino
523 404 604 436 non
635 394 855 444 comparet.
917 390 1097 435 Alterius
1127 403 1226 435 vero
1255 403 1337 435 non
1367 392 1498 436 solum
1523 392 1666 436 funda-

327 464 466 504 menta
496 460 681 503 videmus
711 462 844 501 strata
871 470 976 508 esse,
1006 459 1079 502 sed
1098 459 1178 502 iam
1201 459 1501 513 quodammodo
1521 459 1667 503 florere

331 540 465 572 usum.
522 527 759 581 Usurpatur
790 529 929 570 autem
959 526 1158 580 imprimis
1189 526 1241 570 de
1271 526 1516 572 detrimento
1547 528 1668 571 Iusti-

326 597 409 640 tiae
436 596 551 639 illato
581 596 668 639 sive
700 595 870 645 iniuria,
908 607 1032 649 quam
1061 594 1133 648 qui
1164 594 1207 637 in
1237 607 1282 638 se
1310 595 1505 639 admittat
1533 597 1666 650 ipsum

326 665 404 709 sibi
435 676 593 718 suoque
614 664 757 719 generi
777 663 1000 718 perniciem
1020 666 1183 706 struere
1204 662 1279 716 Op.
1298 662 1379 705 283
1401 663 1466 706 vel
1485 664 1667 717 graviter

324 733 511 777 accusari
541 732 651 787 apud
671 732 811 776 Iovem
836 731 912 786 Op.
931 731 1013 774 258
1042 734 1168 786 poeta
1196 731 1266 774 ait.
1317 732 1455 785 Atque
1481 731 1665 774 additum

323 804 388 843 est
415 801 459 843 in
488 803 666 853 utroque
695 801 785 843 loco
817 801 1022 843 obiectum
1054 800 1108 854 (v.
1126 799 1208 841 283
1232 799 1455 856 δίκην-ν.
1472 799 1554 841 258
1567 799 1664 853 μὶν).

322 868 442 921 Quod
466 868 564 913 licet
584 868 691 912 desit
709 868 787 912 hoc
809 867 989 923 Operum
1008 867 1098 912 loco
1119 879 1156 909 v.
1177 867 1256 909 193
1275 866 1431 923 βλάψει
1451 865 1522 908 δ’ὁ
1546 867 1668 912 κακὸς

322 938 392 978 τὸν
429 936 600 993 ἀρείονα
636 939 758 993 φῶτα
789 937 868 977 κτλ.
907 940 949 978 et
987 935 1055 977 illo
1095 935 1354 988 Theogoniae
1375 948 1428 977 -v.
1460 936 1514 977 89
1554 937 1666 981 λαοῖς

319 1004 621 1061 βλαπτομένοις
653 1004 852 1063 ἀγορῆφι,
883 1007 932 1047 ut
959 1004 1150 1048 universe
1179 1003 1382 1058 significet
1411 1003 1560 1048 damno
1581 1004 1666 1048 Sive

321 1073 569 1117 detrimento
599 1072 778 1126 afficere,
809 1073 874 1116 vel
894 1073 954 1116 sic
973 1072 1118 1115 eodem
1137 1072 1309 1116 verbum
1329 1075 1518 1125 spectare
1535 1084 1665 1115 nexus

320 1143 471 1196 arguit.
531 1142 593 1186 cf.
625 1142 867 1197 Tyrtae12,
887 1141 953 1184 40.
1013 1141 1130 1185 Pind.
1163 1141 1281 1196 Pyth.
1304 1142 1376 1191 IX,
1407 1142 1500 1184 167.

431 1210 525 1254 Non
554 1222 725 1265 urgeam
756 1210 868 1264 quod
897 1209 1013 1254 verbi
1043 1209 1234 1267 ἀρκεῖν
1270 1209 1450 1253 medium
1488 1209 1664 1264 primum

317 1278 430 1332 apud
467 1279 695 1322 Hesiodum
735 1279 944 1322 invenitur
982 1278 1215 1333 significatu
1254 1278 1505 1331 sufficiendi‚
1542 1291 1664 1333 quem

317 1358 488 1401 prorsus
518 1346 712 1400 ignorare
732 1347 959 1390 Homerum
989 1346 1072 1389 iam
1093 1346 1371 1389 Buttmannus
1395 1345 1561 1389 Lexil.1
1586 1345 1663 1389 sub

317 1418 395 1457 art.
416 1415 436 1455 1
469 1418 512 1457 et
539 1414 583 1456 II
613 1414 691 1457 sub
709 1417 799 1472 tart.
823 1415 878 1455 70
908 1413 1317 1457 animadvertendum
1356 1413 1493 1462 duxit3
1530 1425 1664 1467 neque

319 1481 429 1524 enim
457 1481 610 1536 legitur
638 1481 718 1525 nisi
747 1481 791 1524 in
810 1481 1041 1536 fragmento
1062 1481 1247 1525 incertae
1269 1481 1418 1525 aetatis
1441 1479 1661 1525 CLXXXI.

318 1547 535 1605 ἀρκεῖσθαι
565 1549 669 1606 παρ’
699 1550 785 1595 ἑοῖς
813 1550 893 1592 κτλ.
954 1549 1003 1593 cf.
1037 1549 1119 1593 Sol.
1142 1550 1179 1598 5,
1204 1551 1224 1590 1
1258 1549 1468 1606 (ἐπαρκεῖ)
1480 1550 1527 1604 1).

431 1617 606 1661 Possum
636 1608 846 1661 cumulare
884 1617 1161 1672 exemplorum
1201 1617 1382 1672 copiam,
1418 1630 1561 1661 verum
1598 1631 1662 1662 re-

317 1684 451 1738 primo
481 1684 622 1727 stilum
651 1685 704 1728 ad
731 1685 854 1728 aliam
880 1684 1118 1739 disputandi
1146 1685 1359 1728 materiem
1384 1688 1660 1738 perrecturus.

422 1817 453 1860 1)
476 1815 558 1851 Non
582 1814 701 1850 differt
724 1815 899 1852 Hesiodus
921 1815 965 1851 ab
989 1816 1143 1852 Homero
1167 1815 1204 1851 in
1228 1826 1293 1851 usu
1325 1815 1488 1852 adieetivi
1519 1814 1662 1862 ἄρκιος,-

316 1871 410 1916 quod
433 1871 566 1918 legitur
588 1872 684 1917 apud
707 1871 804 1907 illum
825 1873 890 1917 Op.
904 1874 970 1910 349
995 1871 1192 1918 significatu
1216 1872 1376 1908 vocabuli
1399 1873 1576 1918 ὠφέλιμος
1599 1872 1658 1918 (cf.

312 1927 415 1964 Hom.
440 1926 472 1962 B
487 1930 555 1966 393
587 1932 624 1964 et
649 1928 676 1962 0
691 1929 794 1973 502),
826 1928 912 1964 abiit
941 1938 1024 1964 vero
1055 1929 1091 1963 in
1116 1928 1182 1973 Op.
1196 1930 1263 1966 368
1287 1932 1324 1964 et
1347 1928 1430 1964 ibid.
1442 1932 1508 1967 499
1540 1929 1577 1964 in
1599 1939 1659 1963 no-

311 1984 443 2021 tionem
467 1985 604 2027 Ξκανὸς,
637 1994 745 2030 quam
768 1985 940 2021 immerito
964 1984 1008 2020 ab
1032 1985 1186 2022 Homero
1217 1985 1433 2022 abiudicavit
1455 1985 1658 2022 Buttmann.

311 2040 425 2077 Lexil.
441 2041 478 2078 11
501 2041 566 2078 sub
591 2044 658 2079 art.
679 2044 743 2087 703
767 2041 811 2078 cf.
834 2041 937 2079 Hom.
959 2039 998 2077 K
1007 2044 1074 2081 304
1098 2044 1216 2082 0358.
