1967 3062
751 262 1035 304 ...29—

218 374 380 418 Etenim
404 375 608 419 recentior
623 375 725 419 haec
746 373 991 430 significatio
1012 387 1094 430 qua
1114 388 1150 417 v.
1174 378 1236 418 est
1261 374 1553 424 »consuetudm

218 443 378 487 indoles
409 445 544 498 animi,
575 443 781 499 mores‹¹)
823 444 930 487 sicut
959 444 1000 486 in
1029 444 1213 487 Homero
1242 444 1423 487 nondum
1454 457 1563 488 com-

218 515 338 566 paret
365 517 531 567 praeter
559 514 601 556 in
631 513 758 556 verbo
790 511 990 571 ἁηθέσσω
1020 513 1145 556 semel
1178 512 1215 555 K
1229 513 1312 557 493
1342 517 1557 568 usurpato,

219 580 328 634 quod
366 582 430 624 vel
468 584 611 625 contra
650 594 833 624 normam
873 581 1103 624 derivatum
1142 594 1232 625 esse
1261 585 1374 626 recte
1403 583 1562 626 monuit

219 649 469 704 Geppertius
480 651 525 706 ²),
556 652 616 694 ita
646 654 760 694 certa
789 651 973 704 satisque
1002 651 1186 694 stabilita
1218 656 1281 694 est
1312 651 1354 694 in
1375 664 1562 694 sermone

219 718 428 762 Hesiodeo
459 720 529 772 qui
560 722 624 762 ter
654 731 743 762 eam
775 720 901 762 habet
929 719 970 761 in
1003 719 1206 774 Operibus
1237 723 1280 762 et
1300 720 1348 761 D.
1391 720 1449 762 Ac
1479 719 1562 762 dic-

219 790 307 830 tum
340 791 403 831 est
433 802 469 830 v.
493 789 545 830 67
569 791 667 832 etv.
691 788 744 830 78
779 788 829 831 de
850 787 999 831 callida
1019 788 1143 831 animi
1164 788 1298 831 indole
1318 800 1423 843 quae
1444 787 1562 842 quasi

220 856 344 899 insita
374 857 597 909 innataque
628 857 683 899 sit
713 857 852 910 generi
883 856 1084 910 muliebri,
1118 870 1154 899 v.
1187 857 1267 898 699
1299 857 1350 900 de
1378 856 1562 899 moribus

220 924 344 967 castis
387 925 458 979 qui
500 925 647 968 decent
687 925 900 968 mulierem
941 925 1143 979 integram
1184 924 1345 980 (κύνεον
1379 924 1472 966 νόον
1502 925 1564 966 καὶ

221 990 430 1034 ἐπίκλοπον
461 991 567 1051 ἦθος
594 1005 631 1035 v.
656 993 708 1035 67
730 1012 784 1028 =
807 993 858 1035 78
881 1018 935 1023 —
956 991 1064 1051 ἤθεα
1094 993 1216 1035 κεδνὰ
1245 1006 1281 1035 v.
1307 993 1420 1048 699).
1465 993 1565 1037 Posi²

220 1061 444 1104 Hesiodum
486 1062 555 1115 qui
595 1063 753 1116 primus
794 1063 911 1116 isque
952 1062 1283 1116 frequentissime
1322 1063 1399 1106 hoc
1439 1074 1562 1105 sensu

221 1142 361 1173 vocem
383 1131 600 1185 usurpavit
629 1131 789 1174 invenio
812 1130 1089 1185 Theognidem
1111 1131 1205 1173 213.
1229 1131 1324 1174 965.
1349 1131 1444 1173 967.
1468 1131 1561 1172 970.

223 1199 342 1240 1244.
367 1200 486 1241 1261.
512 1200 632 1252 1302,
663 1199 713 1243 cf.
745 1204 965 1254 praeterea
993 1200 1180 1243 adiectiv.
1215 1198 1372 1257 εὐήθης
1400 1213 1464 1254 ap.
1487 1199 1564 1242 Ar-

220 1267 311 1309 chil.
337 1268 400 1321 18,
423 1268 461 1309 2.

332 1348 369 1375 v.
401 1336 542 1392 ἥρως
571 1336 777 1379 Homerus
808 1349 899 1378 cum
940 1337 993 1378 ad
1028 1336 1339 1390 significandum
1376 1337 1561 1389 quemvis

219 1401 351 1444 virum
381 1402 528 1445 fortem
558 1404 847 1458 insignemque
879 1406 1031 1448 virtute
1064 1406 1198 1448 utitur
1227 1409 1314 1449 tum
1343 1406 1562 1460 praecipue

222 1470 281 1512 sic
321 1471 580 1525 appellantur
620 1486 738 1528 reges
777 1478 819 1516 et
854 1474 1071 1527 principes.
1147 1474 1352 1516 Hesiodus
1397 1473 1562 1529 ἀνδρῶν

222 1538 375 1595 ἡρώων
407 1537 519 1580 θεῖον
549 1539 669 1594 γένος
703 1540 823 1596 fingit
851 1544 1061 1596 tamquam
1092 1553 1223 1596 genus
1252 1541 1364 1585 inter
1395 1542 1493 1585 deos
1523 1545 1565 1585 et

220 1607 407 1651 homines
437 1610 632 1662 medium,
663 1623 766 1664 quos
787 1611 910 1654 etiam
933 1608 1132 1668 ἡμιθέους
1150 1610 1351 1663 appellari
1373 1611 1564 1654 distincte

220 1675 297 1724 ait3
328 1674 379 1718 cf.
401 1677 601 1730 imprimis
623 1678 698 1732 Op.
720 1678 799 1720 156
822 1691 881 1732 sq.
934 1678 1155 1721 Praeterea
1185 1678 1263 1721 hoc
1283 1691 1321 1720 v.
1340 1682 1564 1732 usurpatur

220 1744 294 1787 Th.
317 1745 399 1787 970
429 1746 479 1789 de
499 1746 622 1800 Iasio,
655 1748 763 1789 1009
798 1747 848 1790 de
880 1747 1082 1800 Anchisa3
1121 1747 1185 1790 Sc.
1212 1749 1263 1789 19
1284 1780 1287 1783 -
1305 1748 1355 1790 de
1385 1747 1563 1801 Taphiis,

220 1812 273 1853 37
304 1813 355 1855 de
377 1814 686 1868 Amphitryone,
718 1816 771 1857 78
794 1834 846 1850 =
870 1816 949 1857 118
981 1816 1031 1858 de
1060 1816 1190 1868 Iola0;
1231 1817 1272 1857 in
1301 1816 1450 1878 quibus
1480 1828 1564 1858 om-

219 1880 339 1924 nibus
369 1894 511 1926 vocem
543 1883 596 1926 ad
625 1883 895 1927 recentiorem
919 1883 1033 1926 illum
1055 1883 1221 1927 modum
1243 1883 1563 1938 intellegendum

219 1960 308 1991 esse
345 1961 412 1991 res
450 1950 540 2004 ipsa
577 1950 711 1993 docet.
771 1951 900 2003 Quem
938 1963 1059 1993 usum
1096 1964 1143 1994 eo
1174 1951 1305 2005 magis
1335 1951 1561 1995 stabilitum

219 2028 309 2060 esse
339 2030 419 2071 quo
450 2018 611 2073 longius
643 2019 829 2062 distabat
858 2020 1068 2063 saeculum
1096 2020 1358 2063 Homericum
1388 2024 1560 2063 naturae

221 2088 540 2129 consentaneum
572 2090 646 2129 est.
708 2086 768 2129 Cf.
800 2099 898 2140 prae
938 2088 1086 2131 ceteris
1119 2087 1298 2131 Alcman.
1331 2089 1382 2130 16
1413 2102 1450 2142 p.
1483 2088 1559 2142 1³).

217 2151 410 2196 Ceterum
442 2153 492 2197 cf.
525 2154 578 2197 de
608 2155 648 2197 h.
672 2167 708 2197 v.
731 2155 940 2199 Thiersch.
962 2156 988 2198 l.
1011 2156 1037 2198 l.
1060 2169 1098 2210 p.
1123 2157 1160 2198 9.

319 2289 348 2332 1)
372 2288 533 2329 Deducta
563 2293 617 2325 est
648 2300 693 2325 ex
723 2290 872 2335 pristina
903 2290 1022 2327 »locus
1045 2291 1091 2327 ad
1123 2291 1459 2329 commemorandum
1483 2302 1563 2329 con·

217 2349 358 2380 suetus«
383 2356 528 2390 prorsus
551 2346 597 2381 ad
620 2346 882 2392 similitudinem
906 2348 1021 2382 nostri
1045 2348 1139 2383 »Sitz
1158 2368 1198 2375 —-
1219 2349 1340 2394 Sitte«,
1364 2349 1404 2385 cf.
1431 2349 1562 2384 Buttm.

218 2400 379 2448 Lexilog.
396 2402 414 2437 I
429 2413 466 2448 p.
480 2405 556 2441 276.

214 2527 237 2563 S
313 2471 343 2516 2)
368 2469 486 2507 Ueber
520 2471 588 2508 den
612 2472 796 2518 Ursprung
829 2472 892 2508 der
921 2473 1014 2518 hom.
1039 2473 1210 2520 Gesangffi
1234 2474 1380 2519 Leipzig
1410 2477 1494 2513 1840
1516 2475 1563 2520 II,

239 2554 247 2562 .
271 2531 326 2565 47.

311 2597 341 2642 ⁸)
367 2596 477 2632 Totus
500 2596 558 2633 hic
582 2598 685 2635 locus
713 2609 792 2635 cum
815 2604 977 2636 versetur
1012 2600 1049 2636 in
1081 2600 1180 2637 clade
1201 2600 1564 2646 Hippocoontidarum

217 2661 306 2696 quos
331 2663 352 2687 a
375 2653 557 2689 Dioscuris
585 2656 718 2692 occisos
743 2666 818 2692 esse
842 2661 950 2702 poeta
971 2657 1163 2702 praedicat,
1187 2658 1264 2693 illos
1287 2668 1357 2693 non
1377 2657 1564 2694 obscurum

214 2712 267 2743 est
290 2708 345 2745 his
368 2709 484 2746 verbis
509 2711 683 2758 intellegi:
708 2711 824 2754 ἄλλως·
848 2726 889 2749 τε
915 2715 988 2755 τὼς
1011 2716 1170 2762 ἀρίσταις
1192 2715 1317 2762 ἥρωας
1337 2716 1560 2763 παρήσομες.
