1967 3062
839 233 1107 272 -6-

296 344 354 386 Αο
385 343 652 386 fundamenta
682 344 805 387 huius
837 344 1134 397 disquisitionis
1162 345 1295 398 prima
1336 346 1474 399 posuit
1503 345 1642 388 Thier-

295 417 431 459 sebius
472 418 513 458 in
553 418 715 460 dissert.
762 420 813 461 de
854 429 976 459 carm.
1009 417 1175 459 Hesiod.
1206 417 1282 459 ins.
1318 419 1486 460 Memor.
1519 403 1661 461 Acad.=

295 489 404 532 Mon.
442 489 549 531 1813
581 504 620 544 p.
653 492 678 532 9
708 495 792 534 not.
826 492 863 533 5.
926 490 1075 532 Verum
1112 502 1204 532 cum
1236 491 1325 543 ipse
1355 492 1417 533 vir
1446 503 1642 543 summus,

298 575 322 603 a
352 574 432 615 quo
464 563 722 606 subtiliorem
751 564 898 606 horum
921 563 1146 605 carminum
1168 564 1357 605 notitiam
1378 563 1645 606 ferevomnem

295 635 521 689 profectam
553 649 644 679 esse
674 631 800 690 dicas,
831 637 921 679 aliis
953 636 1059 679 viam
1100 637 1396 680 monstravisse
1436 637 1537 679 satis
1574 636 1646 678 ha-

295 709 398 761 buit,
420 713 507 751 tum
529 711 676 764 reliqui
698 711 767 764 qui
788 723 969 764 unquam
997 710 1039 752 in
1060 710 1137 752 hoc
1158 723 1308 763 genere
1330 710 1646 753 elaboraverunt

297 780 364 835 (cf.
399 781 514 824 Isler.
547 787 708 834 quaest.
730 784 826 825 Hes.
860 796 967 835 spec.
1002 797 1041 836 p.
1065 783 1116 825 25
1140 788 1181 825 et
1203 783 1255 824 26
1287 787 1412 837 atque
1443 797 1493 826 ex
1522 784 1646 825 inter-

296 855 485 908 pretibus
515 855 714 908 imprimis
745 856 888 899 Ranke
918 857 969 898 ad
1002 856 1112 898 Scut.
1136 856 1257 898 Herc.
1290 868 1330 909 p.
1355 856 1434 898 347
1458 857 1537 910 sq.)
1565 869 1645 899 non

299 928 378 970 nisi
400 929 585 982 exempla
602 930 805 981 quaedam
822 930 958 972 subito
976 933 1142 983 arrepta
1158 933 1474 983 proposuerunt.
1506 930 1644 972 Peter-

297 1003 438 1044 senius
469 1006 608 1045 autem
638 1003 749 1056 quod
781 1004 822 1045 in
851 1004 948 1045 diss.
981 1004 1032 1046 de
1062 1004 1164 1056 orig.
1197 1007 1238 1046 et
1269 1007 1348 1047 aet.
1372 1004 1526 1057 Theog.
1547 1004 1645 1045 Hes.

298 1075 382 1117 ind.
414 1076 506 1118 lect.
538 1077 686 1120 Hamb.
722 1077 828 1119 1862
860 1091 897 1131 p.
931 1078 985 1118 24
1030 1078 1270 1130 plerumque
1309 1077 1528 1120 additicios
1558 1090 1648 1120 esse

298 1155 438 1193 censet
470 1164 615 1194 versus
646 1152 686 1193 in
724 1152 1037 1205 quibuscunque
1073 1156 1240 1205 praeter
1279 1152 1454 1195 aeolicas
1495 1150 1648 1194 formas

299 1225 423 1267 etiam
455 1224 654 1268 vocabula
684 1224 811 1267 insint
841 1225 892 1268 ab
924 1225 1102 1268 Homero
1133 1225 1286 1268 aliena:
1325 1226 1365 1268 in
1395 1226 1474 1269 1100
1503 1237 1648 1268 vereor

298 1313 350 1342 ne
387 1300 555 1342 fallatur
595 1301 657 1342 vir
699 1313 790 1343 mea
820 1301 943 1343 laude
974 1302 1175 1354 superior.
1236 1302 1401 1354 Augeas
1432 1313 1647 1343 numerum

297 1373 460 1417 illorum
499 1386 714 1425 versuum,
761 1374 796 1416 si
837 1374 967 1417 addas
1006 1387 1076 1416 eos
1106 1375 1147 1416 in
1177 1374 1328 1428 quibus
1359 1378 1432 1417 aut
1463 1374 1649 1417 vocabuli

298 1448 425 1501 prisci
456 1460 564 1489 nova
595 1446 841 1499 significatio
872 1452 945 1489 aut
975 1449 1245 1501 syntacticum
1276 1447 1433 1501 aliquid
1463 1451 1537 1490 aut
1556 1461 1649 1501 pro-

300 1521 486 1563 sodicum
516 1520 784 1562 metricumve
826 1521 1015 1563 offendit:
1055 1521 1154 1574 quid
1184 1520 1258 1562 fit?
1316 1521 1537 1562 Evanescit
1566 1521 1648 1563 He-

302 1595 455 1639 siodus.
516 1594 660 1645 Neque
691 1594 822 1646 magis
853 1594 982 1636 Islero
1020 1607 1186 1647 possum
1225 1594 1417 1637 assentiri
1448 1594 1646 1645 quidquid

301 1668 341 1710 in
372 1668 449 1711 hoc
479 1680 628 1721 genere
659 1668 766 1710 inter
794 1667 1021 1709 Homerum
1057 1672 1099 1711 et
1127 1667 1359 1710 Hesiodum
1398 1667 1649 1710 diversitatis

301 1742 522 1784 intercedit
563 1753 681 1782 omne
721 1743 773 1783 ab
812 1742 1027 1784 intervallo
1057 1742 1136 1784 loci
1165 1742 1369 1795 repetenti
1402 1742 1444 1796 (l.
1467 1741 1492 1782 l.
1514 1754 1553 1793 p.
1577 1741 1648 1794 29)

302 1827 454 1869 eosque
486 1815 707 1867 castiganti
738 1815 806 1868 qui
840 1815 1128 1870 indagaverint
1162 1817 1203 1858 in
1233 1817 1331 1859 Hes.
1363 1815 1562 1859 vocabula
1598 1816 1649 1858 ab

300 1890 421 1931 Hom.
462 1889 619 1937 aliena,
661 1889 769 1930 unde
808 1889 885 1930 hoc
927 1889 1039 1931 illum
1079 1890 1283 1932 iuniorem
1321 1902 1412 1932 esse
1443 1889 1647 1942 colligant.

300 1964 356 2004 At
394 1975 474 2004 non
514 1962 646 2004 solum
686 1962 888 2004 vocabula
928 1964 1047 2005 istius
1093 1965 1203 2006 modi
1242 1964 1507 2005 inveniuntur
1548 1963 1648 2005 satis

300 2037 441 2087 multa,
474 2037 547 2078 sed
578 2036 709 2077 omnis
740 2035 826 2078 fere
855 2036 954 2078 haec
985 2037 1035 2079 de
1057 2037 1287 2079 elocutione
1304 2038 1400 2079 Hes.
1422 2037 1646 2090 disputatio

302 2109 397 2152 talis
430 2114 493 2152 est
524 2122 631 2164 quae
662 2108 788 2152 simul
817 2110 1021 2162 pertineat
1052 2110 1103 2152 ad
1131 2110 1491 2154 demonstrandam
1511 2122 1648 2153 recen-

302 2184 448 2225 tiorem
479 2183 650 2225 Hesiodi
681 2186 874 2225 aetatem.
935 2184 1190 2238 Quamquam
1215 2186 1324 2227 hunc
1345 2198 1425 2227 non
1447 2185 1649 2227 voluimus

301 2261 469 2299 nostrae
518 2269 668 2310 operae
704 2256 884 2299 fructum
926 2259 1223 2312 consiliumque
1268 2270 1370 2302 esse.
1445 2258 1648 2304 Nimirum

301 2343 367 2373 res
408 2344 555 2385 parum
595 2333 770 2375 obscura
807 2335 870 2374 est
908 2335 950 2374 et
986 2332 1062 2376 hoc
1098 2333 1262 2387 linguae
1300 2332 1533 2375 testimonio
1582 2332 1648 2374 vix

302 2404 505 2458 indigens,
518 2407 669 2459 quippe
689 2418 795 2459 quae
812 2406 1065 2448 documentis
1085 2420 1133 2449 ex
1148 2407 1239 2460 ipsa
1254 2418 1393 2448 rerum
1409 2417 1650 2458 morumque

301 2480 533 2521 mutatione
565 2480 700 2522 ductis
731 2480 833 2522 satis
864 2483 1036 2522 constet.
1081 2481 1210 2523 Nobis
1241 2481 1341 2533 quid
1372 2480 1547 2522 elocutio
1568 2481 1649 2523 He-

301 2553 443 2594 siodea
467 2553 562 2595 novi
584 2553 778 2596 exhibeat
797 2553 1141 2606 investigantibus
1163 2555 1367 2607 agendum
1388 2553 1491 2596 illud
1511 2554 1648 2606 potius

301 2627 434 2670 visum
465 2631 541 2675 est,
581 2631 629 2669 ut
658 2628 693 2669 si
723 2640 806 2680 qua
836 2639 1048 2680 possemus
1078 2628 1319 2670 afferremus
1350 2627 1648 2680 aliquantulum
