1967 3062
854 252 1136 290 —32—

324 375 406 406 non
438 363 577 406 differt
605 363 811 406 Hesiodus
841 364 881 405 in
913 363 986 405 Th.
1004 363 1108 411 766;
1140 361 1278 405 differt
1291 375 1400 405 -vero
1421 364 1461 405 in
1483 363 1560 417 Op.
1576 364 1672 414 342,

322 430 394 474 ubi
432 443 505 485 pro
548 429 759 473 »inimico«
804 442 842 472 v.
874 441 965 473 esse
1005 434 1092 472 tam
1139 427 1337 472 articulus
1381 431 1533 473 nomini
1578 430 1672 474 sub-

322 500 454 542 iectus
499 512 620 554 quam
671 499 861 553 opposita
905 499 1026 541 amici
1078 497 1304 554 (φιλέοντα)
1351 498 1466 541 notio
1505 498 1670 542 indicat.

323 566 538 609 Simillima
578 570 643 609 est
678 567 786 609 ratio
823 567 903 610 loci
940 567 1011 621 qui
1050 569 1165 609 extat
1202 579 1267 620 ap.
1300 565 1384 609 Sol.
1417 566 1481 618 13,
1510 567 1548 608 5.
1608 565 1670 608 Cf.

322 635 447 678 etiam
468 634 591 677 Arch.
615 635 681 687 66,
702 634 728 676 3
758 637 800 678 et
829 635 1010 688 Theogn.
1032 634 1099 676 92.
1122 634 1216 676 562.
1239 634 1320 676 575
1342 646 1453 688 saep.

434 717 471 745 v.
498 703 690 758 μέλεος
728 717 801 757 per
830 708 964 746 totum
994 704 1220 755 Homerum
1250 716 1340 746 esse
1371 703 1458 744 ἀντὶ
1491 705 1560 744 τοῦ
1588 719 1669 757 μα-

322 769 446 817 ταῖως
474 783 554 814 non
586 771 694 826 fugit
718 771 954 817 Aristarchi
985 772 1254 827 sagacitatem
1284 771 1334 815 cf.
1366 771 1510 814 Lehrs.
1539 784 1578 826 p.
1601 772 1668 814 94.

320 839 368 882 In
398 838 582 883 Hesiodo
615 853 650 883 v.
672 840 799 883 semel
828 841 981 894 legitur
1010 841 1084 883 Th.
1108 840 1189 883 563
1224 852 1299 894 pro
1330 839 1510 892 epitheto
1540 839 1668 882 homi·

320 907 441 952 nibus
473 908 717 953 mortalibus
755 908 899 953 indito.
960 909 1007 952 In
1038 921 1119 965 quo
1158 911 1207 952 ut
1235 906 1575 963 significationem
1605 919 1669 951 re-

320 978 573 1021 centioribus
593 979 740 1031 poetis,
762 979 960 1031 imprimis
982 979 1150 1032 tragicis
1168 978 1482 1020 usitatissimam
1502 977 1664 1028 »misen

319 1044 484 1091 infelix«
527 1046 662 1092 inesse
700 1047 898 1101 arbitrer,
946 1045 1128 1091 adducor
1168 1046 1274 1090 hanc
1303 1044 1381 1090 loci
1417 1043 1667 1089 sententiam

320 1127 411 1158 esse
441 1117 726 1167 considerans,
756 1117 1035 1158 miserandum
1067 1128 1157 1158 esse
1177 1128 1310 1169 genus
1330 1115 1571 1166 humanum,
1602 1113 1668 1156 cui

319 1183 371 1227 ob
401 1182 567 1227 fatalem
598 1184 705 1229 hanc
727 1184 962 1229 Promethei
984 1196 1079 1228 cum
1101 1184 1198 1227 Iove
1219 1182 1541 1227 controversiam
1561 1181 1667 1237 ignis

318 1263 398 1294 non
429 1250 664 1305 impertitus
695 1253 760 1296 sit.

431 1333 468 1362 v.
501 1321 730 1367 ποικίλος
757 1335 822 1376 ap.
835 1322 955 1364 Hom.
974 1326 1036 1365 est
1058 1322 1208 1365 »variis
1232 1321 1436 1365 coloribus
1456 1320 1520 1364 vel
1540 1320 1665 1364 etiam

317 1388 490 1432 maculis
524 1388 770 1433 distinctus«
806 1402 939 1445 neque
970 1393 1197 1444 usurpatur
1233 1389 1313 1432 nisi
1345 1389 1395 1433 de
1425 1390 1549 1433 rebus
1579 1389 1667 1432 ina-

319 1457 453 1500 nimis.
512 1458 721 1501 Hesiodus
753 1471 845 1501 cum
875 1459 1089 1511 proprium
1117 1459 1227 1501 hunc
1257 1459 1368 1502 vocis
1400 1471 1521 1501 usum
1551 1458 1666 1501 novit

320 1525 410 1581 (Th.
428 1525 523 1568 300.
557 1526 622 1570 Sc.
639 1527 768 1582 5423)
799 1532 887 1570 tum
918 1528 1189 1582 posteriorem
1221 1527 1334 1570 illum
1365 1539 1446 1582 quo
1463 1526 1663 1570 translate

318 1594 470 1638 dicitur
510 1596 560 1639 de
599 1596 835 1639 hominibus
880 1596 1192 1640 versicoloribus
1234 1597 1319 1639 sive
1351 1595 1510 1638 astutis.
1572 1595 1665 1638 Huc

317 1663 425 1705 enim
457 1666 500 1706 et
528 1664 699 1718 simplex
731 1665 942 1718 epitheton
975 1664 1151 1710 ποικίλος
1180 1668 1221 1707 et
1252 1664 1523 1718 compositum
1546 1678 1664 1704 noem·

315 1729 520 1784 λόβουλυς
547 1736 771 1787 utrumque
798 1733 1043 1776 Prometheo
1071 1734 1317 1777 attributum
1338 1733 1412 1774 Th.
1442 1731 1659 1775 511--521

316 1799 535 1844 manifesto
565 1801 758 1855 pertinet.
805 1801 866 1844 Cf.
888 1802 1070 1856 Theogn.
1094 1802 1188 1844 213.
1215 1802 1309 1843 222.
1332 1800 1428 1843 224.

428 1867 684 1912 Adverbium

430 1938 559 1997 τάχα
599 1941 646 1981 ut
684 1939 795 1993 apud
825 1939 1051 1983 Homerum
1095 1939 1247 1993 ubique
1288 1939 1527 1983 adverbium
1564 1942 1663 1983 tem-

314 2007 427 2061 poris
448 2011 514 2050 est
543 2005 611 2063 (cf.
630 2007 915 2051 Aristarchum
936 2019 1002 2062 ap.
1027 2006 1171 2051 Lehrs.
1195 2019 1233 2061 p.
1257 2008 1310 2050 92
1333 2019 1392 2062 sq.
1415 2010 1457 2050 et
1476 2006 1661 2050 Nitzsch.

316 2077 370 2130 ΙΙ,
400 2076 498 2131 194)
542 2077 601 2119 ita
637 2076 815 2131 primum
855 2076 964 2131 apud
1006 2077 1231 2120 Hesiodum
1272 2076 1347 2131 Op.
1370 2077 1449 2118 401
1491 2076 1665 2119 inveniri

314 2158 389 2200 pro
424 2145 648 2190 »fortasse«
683 2145 828 2189 Lehrs.
853 2146 900 2188 A.
922 2159 960 2200 p.
979 2146 1033 2187 94
1057 2146 1190 2190 obiter
1210 2144 1513 2189 animadvertit.
1545 2144 1663 2197 Quod

313 2214 411 2257 licet
441 2214 632 2257 offendat·
652 2213 868 2266 paululum
901 2214 941 2255 in
970 2218 1093 2268 poeta
1126 2218 1267 2257 tantae
1288 2201 1561 2268 antiquitatis,
1583 2225 1663 2255 non

313 2286 452 2343 potest
484 2286 620 2326 tamen
653 2295 736 2325 non
764 2282 1020 2336 comprobari
1041 2281 1175 2325 locum
1197 2281 1447 2325 Hesiodeum
1469 2284 1663 2325 accurate

315 2349 622 2404 contemplanti.
677 2350 816 2393 Verba
857 2349 957 2392 haec
995 2353 1115 2393 sunt:
1154 2349 1217 2396 ὃὶς
1251 2348 1328 2405 μὲν
1366 2350 1445 2406 γὰρ
1486 2350 1549 2390 καὶ
1579 2350 1664 2405 τρὶς

318 2418 419 2476 τάχα
451 2418 613 2466 τεύξεαι
643 2418 724 2460 κτλ.
794 2417 952 2468 Quibus
990 2418 1191 2472 siquidem
1233 2422 1357 2473 poeta
1395 2418 1564 2461 fratrem
1595 2430 1662 2461 so·

316 2486 481 2530 cordem
512 2486 566 2529 ad
595 2485 843 2530 industriam
875 2486 1119 2540 compellere
1159 2486 1321 2540 studet,
1362 2499 1485 2542 quam
1524 2486 1664 2541 inepte

315 2558 393 2599 hoc
423 2556 603 2598 diceret:
636 2556 688 2598 ab
720 2556 814 2597 aliis
843 2555 996 2597 victum
1027 2556 1210 2608 petituro
1240 2556 1394 2599 vicinos
1424 2569 1503 2598 non
1531 2555 1663 2597 solum

318 2637 401 2668 non
416 2628 653 2678 negaturOS‚
684 2623 757 2667 sed
775 2623 899 2666 etiam
919 2623 1067 2673 »cito«,
1084 2637 1183 2679 ergo
1201 2624 1378 2668 libenter
1393 2624 1662 2667 obsecuturos

316 2695 435 2736 esse?
496 2695 630 2747 Atque
668 2694 842 2736 alteram
880 2693 913 2735 si
954 2695 1173 2737 statuimus
1219 2694 1324 2737 hanc
1362 2693 1547 2738 vocabuli
1578 2693 1659 2735 vim
