1967 3062
806 242 971 293 -‘45
1030 276 1081 282 -.

281 377 455 417 mannus
485 365 719 409 observavit
739 376 877 418 opusc.
895 363 1061 415 11,402.
1105 363 1242 416 Quare
1261 376 1310 407 eo
1330 362 1484 418 refugit
1502 363 1609 407 idem

277 432 341 474 vir
369 433 633 486 clarissimus,
664 437 712 476 ut
742 433 853 486 quod
879 431 990 489 μῆλα
1020 443 1046 473 a
1075 431 1320 485 quibusdam
1342 443 1461 475 omne
1480 443 1610 486 genus

278 499 610 555 quadrupedum,
642 514 722 544 non
752 503 916 544 tantum
945 512 1093 553 pecora
1122 501 1232 543 dicta
1259 514 1350 544 esse
1378 500 1608 555 Hesychius

277 578 309 609 s.
330 581 368 611 v.
398 568 548 622 aliique
573 572 793 621 testantur,
824 566 867 610 id
886 567 928 610 in
948 566 1172 610 Hesiodum
1192 568 1339 611 cadere
1359 569 1607 623 suspicetur.

277 636 354 680 Cui
383 651 526 682 vereor
555 652 606 681 ne
637 640 726 691 ipse
756 636 944 681 vocabuli
969 636 1080 694 μῆλα
1108 649 1208 679 usus
1228 637 1458 681 Hesiodeus
1483 636 1610 680 refra-

276 708 397 758 getur
424 706 622 750 astrictus
653 705 723 750 1116
752 705 909 760 pariter
939 707 1064 760 atque
1093 706 1202 760 apud
1223 705 1447 749 Homerum
1466 706 1519 749 ad
1537 718 1608 749 no·

276 772 428 816 tionem
455 786 647 828 pecorum
677 777 838 835 tantum
868 774 1091 825 minorum,
1130 774 1266 816 ovium
1300 777 1343 815 et
1371 786 1608 827 caprarum;

275 840 325 883 cf.
357 841 431 896 Op.
457 842 666 884 120.163.
706 834 905 896 imprimis
935 841 1029 887 786
1052 841 1146 884 795.
1186 841 1255 883 Fr.
1277 841 1447 894 LXXX,
1478 841 1516 883 2.
1553 864 1607 872 —

275 909 410 961 Atque
439 910 536 953 item
565 923 646 953 non
677 910 822 953 dubito
851 910 949 962 quin
978 908 1247 952 iudicandum
1276 909 1331 952 sit
1360 909 1412 952 de
1431 909 1607 953 dictione

274 968 474 1032 ἀνδρῶν
504 978 670 1035 δῆμόν
701 993 752 1018 τε
784 962 930 1018 οπόλιν
960 992 1013 1017 τε
1043 976 1119 1030 Op.
1143 977 1247 1030 5273
1286 988 1392 1028 quae
1428 980 1476 1018 ut
1512 980 1607 1029 apte

273 1045 522 1100 proprioque
552 1046 769 1089 verborum
803 1057 928 1088 sensu
965 1044 1075 1098 apud
1104 1044 1223 1086 Hom.
1245 1043 1267 1084 λ
1294 1044 1346 1085 14
1385 1046 1608 1096 usurpatur

277 1112 328 1155 de
349 1112 657 1169 cimmeriorum
688 1113 913 1164 domiciliis,
943 1112 1002 1155 ita
1030 1112 1072 1154 in
1096 1113 1173 1155 hoc
1193 1112 1280 1155 loco
1301 1111 1506 1154 Hesiodeo
1525 1124 1607 1154 non

274 1181 435 1225 videtur
466 1194 557 1225 cum
580 1182 829 1237 Goettlingio
860 1182 911 1224 de
941 1185 1078 1225 certae
1108 1181 1222 1225 urbis
1242 1180 1406 1226 notione
1429 1180 1605 1235 cogitan-

274 1249 371 1293 dum
401 1262 503 1303 esse,
533 1251 607 1294 sed
637 1249 901 1294 statuendum
931 1250 1069 1304 potius
1099 1249 1200 1293 illud
1230 1249 1340 1291 πόλιν
1374 1264 1417 1291 τε
1446 1252 1606 1292 1611111111

273 1317 473 1361 formulae
500 1319 634 1372 gratia
660 1319 863 1362 adiectum
884 1330 985 1361 esse.
1015 1342 1071 1348 —
1099 1318 1256 1361 Trahas
1281 1318 1361 1361 huc
1382 1318 1506 1361 etiam
1525 1316 1605 1361 for-

272 1385 405 1430 mulae
433 1384 582 1444 ἧματι
612 1385 760 1441 κείνῳ
790 1385 906 1428 11111111
935 1385 1108 1429 abusum
1138 1386 1209 1440 qui
1240 1385 1398 1429 obtinet
1418 1385 1490 1427 Th.
1509 1385 1604 1438 836,

273 1453 323 1495 de
353 1465 434 1506 quo
463 1454 555 1496 vide
586 1453 912 1499 Schoemannum
942 1465 1079 1506 opusc.
1102 1454 1163 1502 II,
1193 1453 1274 1494 353
1313 1453 1602 1507 disputantem.

382 1521 566 1576 Denique
596 1521 706 1575 quod
737 1522 791 1564 ad
820 1521 1055 1565 universam
1084 1521 1282 1565 orationis
1321 1520 1604 1565 conformatio-

271 1601 362 1632 nem
400 1590 567 1646 attinet,
608 1590 716 1633 idem
754 1590 796 1631 in
834 1589 1014 1632 Hesiodo
1050 1592 1176 1643 atque
1211 1589 1252 1631 in
1289 1589 1469 1632 Homero
1506 1589 1605 1631 illud

241 1661 503 1706 ,structurae
532 1667 660 1712 genus
699 1656 845 1700 florere
882 1670 962 1711 quo
999 1657 1184 1711 singulae
1221 1660 1263 1700 et
1301 1660 1443 1710 partes
1481 1669 1606 1699 enun—

272 1725 490 1769 ciationum
521 1729 563 1769 et
591 1725 706 1779 ipsae
736 1725 1046 1769 enunciationes
1067 1725 1200 1779 magis
1220 1725 1400 1768 externis
1419 1725 1604 1777 vinculis,

271 1794 360 1853 dico
399 1793 636 1847 particulis,
675 1805 797 1846 quam
836 1795 998 1837 interna
1035 1794 1194 1836 ratione
1231 1796 1528 1837 connectuntur
1563 1797 1606 1836 et

269 1862 402 1905 altera
431 1861 549 1905 alteri
587 1861 847 1906 subiciuntur
887 1875 1005 1906 nemo
1042 1862 1259 1906 mirabitur
1296 1863 1365 1917 qui
1402 1861 1526 1906 etiam
1561 1861 1603 1904 in

270 1928 480 1973 Herodoto
513 1930 621 1972 hanc
652 1929 893 1974 elocutionis
923 1930 1224 1984 simplicitatem
1244 1931 1422 1984 conspici
1441 1933 1603 1984 reputa-

268 1998 387 2041 verit.
437 1998 568 2053 Atqui
599 1998 650 2042 ab
682 1997 760 2042 hac
788 1998 869 2041 iam
890 1998 1115 2042 Hesiodum
1144 1993 1604 2054 nonnunquam*descis-

274 2079 366 2125 cere
396 2069 438 2109 et
466 2070 662 2119 tanquam
703 2066 882 2110 delibare
910 2067 1073 2110 videtur
1102 2067 1363 2111 concisiorem
1398 2067 1602 2121 quandam

268 2133 671 2186 artificiosioremque
709 2134 870 2177 dicendi
913 2134 1114 2178 rationem
1153 2135 1266 2178 velut
1303 2135 1380 2179 hoc
1421 2135 1601 2189 Operum

268 2202 356 2245 loco
377 2202 430 2257 (v.
448 2201 519 2256 89)
550 2200 679 2257 αὐτὰρ
699 2201 722 2241 ὃ
744 2201 984 2257 δεξάμενος,
1014 2203 1084 2243 ὅτε
1104 2202 1155 2260 δὴ
1177 2203 1296 2244 κακὸν
1318 2202 1409 2261 εἶχ’,
1441 2202 1599 2260 ἐνόησε,

266 2270 330 2313 vel
374 2269 483 2323 quod
521 2269 563 2311 in
602 2269 713 2313 exitu
749 2269 868 2313 Scuti
909 2270 1084 2325 legitur:
1135 2271 1216 2317 τὼς
1254 2272 1335 2327 γάρ
1371 2286 1438 2326 μιν
1470 2267 1601 2312 Ἀπόλ-

266 2332 350 2380 λωνΙ
368 2336 568 2395 Λητοΐδης
596 2336 741 2395 ἤνωξ’,
772 2339 832 2379 ὅτι
858 2340 918 2395 ῥα
947 2339 1103 2385 κλειτὰς
1130 2339 1363 2395 ἑκατόμβας
1382 2341 1492 2386 ὅστις
1511 2339 1601 2393 ἄγοι

266 2404 447 2447 Πυθώδε
475 2405 548 2463 βίῃ
579 2405 755 2447 σύλασκε
794 2407 990 2450 δοκεύων.
1060 2407 1166 2451 Sunt
1204 2408 1405 2461 quaedam
1441 2408 1601 2465 61161111

266 2474 502 2528 Theogonia
529 2486 675 2528 parum
705 2474 900 2519 concinne
941 2475 1050 2519 dicta
1088 2489 1191 2531 quos
1228 2480 1424 2531 tanquam
1461 2476 1600 2529 lapsus

271 2542 470 2586 sermonis
508 2542 612 2595 epici
649 2542 1016 2598 invalescentisque
1053 2544 1149 2587 novi
1185 2543 1402 2597 eloquendi
1439 2544 1600 2598 generis

266 2610 416 2653 indicia
450 2610 771 2664 deprehendisse
808 2612 888 2656 sibi
924 2613 1037 2656 visus
1076 2616 1139 2656 est
1168 2612 1357 2657 Welcker
1393 2613 1436 2655 in
1471 2612 1598 2667 praef.

265 2677 456 2721 editionis
477 2678 737 2733 Theogoniae
758 2679 989 2725 Hesiodeae
1017 2694 1057 2735 p.
1073 2681 1138 2723 73.
1189 2682 1325 2734 Atque
1353 2681 1433 2725 huc
1461 2682 1599 2725 nescio
