1967 3062
869 221 1149 262 -22—

328 335 503 380 Aristot.
528 335 624 379 Eth.
646 335 802 380 Nicom.
824 335 890 378 III
909 348 948 389 p.
966 334 1020 377 43
1043 348 1074 377 r.
1120 335 1206 380 Nec
1234 335 1369 379 minus
1391 336 1515 380 Solon
1543 337 1588 379 in
1617 336 1667 380 fr.
1708 335 1712 339 ’

331 404 384 445 14
415 404 474 447 ita
501 403 703 448 vocabulo
733 414 833 446 usus
854 407 929 456 est,
961 407 1008 446 ut
1028 404 1137 447 inter
1156 416 1201 447 se
1221 407 1404 459 opponat
1425 417 1489 447 vv.
1507 405 1674 460 μάκαρς

328 475 372 515 et
403 473 594 530 πονηρὸς.
649 471 710 515 Cf.
748 476 966 525 praeterea
995 472 1175 526 Theogn.
1198 473 1281 514 274
1312 472 1677 530 (κακῶν-πονηρό-

330 541 470 594 τατον)
502 543 544 582 et
573 541 721 583 Anacr.
745 539 811 591 21,
833 540 871 580 7.

445 609 510 652 Ex
540 607 745 651 adverbiis
782 608 958 651 maxime
997 606 1079 652 duo
1118 608 1199 652 huc
1228 608 1437 662 pertinent
1465 608 1607 663 ὅμως·
1636 611 1678 653 et

329 677 534 731 καίπερ.
590 678 728 731 Atque
758 677 859 719 illud
889 677 1053 731 quidem
1085 677 1137 720 ab
1166 677 1346 720 Homero
1377 677 1556 719 alienum
1586 688 1677 719 esse

334 746 404 799 qui
425 745 556 789 solum
579 757 616 787 v.
635 744 751 798 ὁμῶς
768 744 930 788 noverit
954 747 996 788 et
1016 743 1281 788 Aristarchus
1304 744 1467 788 videtur
1486 744 1674 788 docuisse

334 813 402 868 (cf.
434 813 577 857 Lehrs.
610 814 658 855 A.
688 826 727 867 p.
761 813 859 867 156)
899 817 942 856 et
977 813 1227 856 recentiores
1262 812 1391 856 critici
1419 812 1504 856 fere
1536 824 1676 855 omnes

330 881 618 926 assentiuntur
632 881 699 937 (cf.
717 885 884 936 praeter
900 881 1043 926 Lehrs.
1061 880 1086 923 1.
1103 882 1129 924 l.
1149 882 1267 934 impr.
1278 881 1460 925 Nitzsch.
1472 881 1548 934 ΙΙΙ,
1561 881 1675 935 305).

328 951 437 994 Nam
473 951 552 994 etsi
594 954 692 993 sunt
728 950 894 1004 quidam
933 950 1011 994 loci
1048 950 1159 1004 apud
1186 950 1413 993 Homerum
1455 950 1526 1004 qui
1554 949 1677 992 huius

331 1031 431 1064 usus
461 1020 640 1074 speciem
670 1031 770 1073 prae
800 1032 846 1062 se
876 1018 984 1063 ferre
1016 1019 1219 1070 videntur,
1254 1019 1305 1061 de
1334 1018 1398 1061 his
1418 1019 1511 1062 vide
1531 1018 1675 1062 Lehrs.

334 1089 412 1130 1.1.
444 1088 515 1142 qui
546 1088 670 1130 etiam
699 1087 800 1129 illud
831 1090 952 1129 acute
981 1086 1190 1140 perspexit
1227 1098 1316 1129 esse
1364 1086 1417 1128 ad
1452 1085 1678 1129 diiudican-

327 1157 424 1199 dam
443 1157 549 1199 hanc
570 1156 853 1208 quaestionem
869 1155 1018 1197 summi
1035 1154 1230 1198 momenti
1246 1155 1356 1207 quod
1375 1171 1392 1192 n
1399 1166 1473 1208 pro
1491 1159 1673 1198 attamen

327 1237 462 1268 sermo
502 1223 747 1266 Homericus
787 1235 826 1264 νο
867 1221 1000 1280 ἔμπης
1026 1222 1186 1274 ferat«;
1227 1223 1336 1266 unde
1371 1223 1563 1266 »concedi
1592 1235 1674 1267 non

326 1304 461 1346 posse,
492 1295 539 1334 ut
569 1304 650 1334 uno
680 1291 743 1334 vel
775 1291 936 1335 duobus
969 1292 1010 1334 in
1032 1295 1119 1334 tam
1140 1292 1286 1346 amplis
1308 1293 1556 1335 carminibus
1577 1293 1676 1336 locis

326 1360 443 1415 ὅμως
482 1359 663 1412 positum
706 1359 799 1402 sit«
862 1360 949 1403 Iam
989 1373 1086 1404 vero
1127 1361 1238 1414 apud
1267 1360 1494 1404 Hesiodum
1524 1360 1600 1415 Op.
1622 1361 1677 1403 20

328 1432 376 1472 ut
401 1431 689 1482 paroxytonon
710 1428 827 1483 ὅμως·
854 1433 966 1472 recte
987 1429 1068 1483 legi
1092 1428 1360 1484 profiteamur
1379 1433 1467 1473 tum
1492 1431 1675 1474 codicum

330 1508 555 1541 consensus
595 1501 683 1539 tum
722 1497 984 1541 adversativa
1013 1498 1197 1541 adverbii
1239 1500 1443 1542 sententia
1482 1499 1546 1542 vel
1583 1512 1677 1553 par-

328 1565 467 1608 ticulis
497 1566 677 1620 καὶ-περ
706 1566 945 1619 praemissis
976 1566 1157 1608 indicata
1190 1570 1367 1609 movent.
1415 1566 1476 1609 cf.
1507 1579 1556 1609 ex
1585 1567 1677 1610 reli-

326 1635 420 1685 quis
450 1633 633 1686 Theogn.
657 1633 751 1675 384.
773 1634 870 1674 442.
894 1634 1015 1675 1029.
1041 1638 1083 1676 et
1104 1635 1252 1677 Anacr.
1276 1635 1341 1676 95.

441 1701 631 1761 Alterum
652 1701 775 1743 huius
796 1702 958 1755 generis
980 1702 1222 1744 adverbium
1244 1702 1431 1759 καίπερ
1453 1707 1528 1746 est.
1566 1702 1675 1746 Nam

326 1769 534 1812 Homerus
564 1772 726 1811 tantum
756 1764 980 1823 particulas
1011 1770 1073 1810 καὶ
1095 1774 1137 1813 et
1158 1770 1234 1826 πὲρ
1260 1771 1369 1814 inter
1397 1783 1441 1814 se
1462 1774 1676 1825 separatas

326 1838 441 1881 novit
470 1841 640 1891 excepto
672 1850 754 1880 uno
787 1838 877 1881 loco
908 1853 932 1895 η
950 1838 1032 1879 224
1059 1851 1180 1892 quem
1202 1839 1374 1882 iunioris
1395 1840 1563 1893 originis
1585 1852 1676 1883 esse

326 1905 603 1949 demonstrari
640 1908 780 1960 potest
818 1904 886 1960 (cf.
916 1905 1143 1949 Kirchhoff.
1172 1905 1252 1949 No.
1278 1907 1316 1948 5.
1346 1906 1473 1960 praef.
1504 1920 1543 1961 p.
1569 1906 1674 1962 ΙΧ.).

325 1975 386 2017 Ac
416 1986 469 2018 ne
499 1973 671 2017 Hesiodi
703 1973 870 2027 quidem
901 1973 1014 2017 locus
1044 1985 1125 2026 quo
1147 1978 1480 2028 coagmentatum
1501 1977 1677 2020 vocabu-

325 2043 411 2085 lum
440 2041 594 2096 legitur
624 2042 698 2084 Th.
725 2042 807 2083 533
849 2041 993 2096 καίπερ
1016 2042 1232 2098 χωόμενος
1273 2042 1409 2099 παύθη
1434 2043 1562 2100 χόλου
1584 2044 1673 2085 4κϊλ.

324 2109 558 2153 istiusmodi
591 2112 655 2152 est
684 2109 785 2163 quin
817 2109 975 2163 aliquid
997 2109 1234 2153 offensionis
1255 2110 1408 2154 habeat
1428 2110 1603 2154 maxime
1623 2113 1675 2155 ob

325 2179 554 2231 asyndeton
586 2190 666 2231 quo
697 2178 801 2220 haec
833 2177 925 2228 ipsa
947 2179 1151 2220 sententia
1187 2179 1445 2221 antecedenti
1474 2180 1676 2224 subicitur

326 2244 395 2300 (cf.
417 2246 539 2300 impr.
559 2244 893 2289 Schoemannum
915 2244 1068 2288 diserte
1098 2245 1150 2289 de
1179 2246 1256 2290 hoc
1286 2245 1375 2290 loco
1397 2247 1675 2300 disputantem

328 2326 468 2367 opusc.
492 2314 535 2355 II
558 2326 596 2366 p.
621 2313 703 2354 529
720 2313 814 2366 sq.).
846 2312 947 2355 Post
966 2313 1190 2356 Hesiodum
1212 2327 1292 2356 non
1314 2315 1451 2356 inveni
1471 2316 1541 2368 qui
1561 2316 1675 2369 prius

325 2380 488 2435 vulgari
525 2380 657 2423 forma
696 2393 797 2424 usus
829 2381 884 2424 sit
913 2381 1149 2436 Theognide
1189 2383 1243 2437 (v.
1271 2382 1365 2424 710.
1390 2383 1485 2424 816.
1520 2383 1672 2438 1061.).

329 2449 437 2492 Nam
467 2450 662 2504 ambigua
692 2453 756 2493 est
785 2450 908 2494 lectio
938 2450 979 2492 in
1009 2450 1096 2494 loco
1126 2450 1279 2495 Archil.
1298 2451 1365 2500 63,
1384 2452 1419 2492 1.

327 2571 330 2574 ἢ
440 2518 632 2573 Denique
662 2519 775 2574 quod
805 2519 856 2562 ad
889 2519 1016 2562 verba
1044 2523 1286 2574 perventum
1317 2522 1404 2572 est,
1443 2521 1674 2564 notavimus

326 2586 408 2631 iam
441 2586 690 2642 περισσεύω,
724 2587 923 2636 πλουτέω,
954 2586 1126 2642 σοφίζω,
1158 2588 1306 2642 ὑμνέω.
1365 2588 1541 2642 Reliqua
1575 2589 1675 2634 haec

326 2659 443 2700 sunt:
