1967 3062
785 205 1062 247 ..41-

369 318 654 376 διόγνητος
672 319 698 372 †
729 319 793 362 Sc.
815 318 899 360 340
928 330 1002 370 pro
1034 318 1152 361 Hom.
1183 317 1370 376 διογενὴς
1395 331 1470 372 per
1499 330 1591 372 syn-

258 399 387 440 copen
415 385 550 430 ortum
580 390 644 430 est
671 400 721 430 ex
750 384 994 442 διογένητος.

369 454 585 511 κύδιμος
612 455 685 498 Th.
708 455 789 497 938
818 453 1063 497 vocabulum
1092 454 1243 509 hymno
1271 454 1314 498 in
1343 454 1591 497 Mercurium

256 534 454 577 perquam
482 523 681 566 usitatum
710 523 753 564 in
771 522 907 565 locum
925 521 1131 565 Homerici
1151 522 1369 577 κυδάλιμος
1388 523 1588 566 successit

256 590 335 642 ita,
373 594 420 634 ut
448 591 607 634 abiecta
643 589 932 633 terminatione
970 590 1112 645 αλιμος
1149 591 1376 634 breviorem
1414 602 1587 643 eamque

256 657 553 702 sollemniorem
582 673 670 713 ιμος
699 656 892 707 induerit,
923 668 1029 710 quae
1063 661 1271 712 comparet
1299 658 1341 701 in
1373 671 1437 701 vv.
1461 657 1589 714 φαίδι-

252 740 334 780 μος
361 725 524 782 ἄλκιμος
552 725 604 770 al.

368 794 573 852 νηλειὴς
599 794 673 838 Th.
697 794 780 835 770
809 793 877 850 (cf.
898 793 1006 848 hym.
1032 794 1133 838 Ven.
1151 784 1250 850 246)
1279 807 1353 849 pro
1374 795 1492 839 Hom.
1525 811 1588 854 νη-

255 862 351 919 λεὴς
378 862 464 906 sive
501 863 622 921 νηλὴς
659 875 734 916 pro
772 862 1040 906 collocatione
1077 875 1200 916 quam
1236 864 1278 907 in
1317 877 1440 907 versu
1476 868 1590 908 tenet

255 942 336 972 non
366 931 443 973 nisi
472 943 521 973 ex
549 931 794 974 necessitate
822 931 943 973 metri
973 931 1242 975 derivandum
1275 935 1350 975 est.

358 999 616 1055 χρυσάωρ
647 998 723 1051 Op.
745 999 823 1039 771
862 997 929 1053 (cf.
960 999 1068 1053 hym.
1099 1000 1177 1053 Ap.
1211 999 1299 1043 Del.
1323 999 1421 1053 123)
1460 999 1591 1043 altera

256 1077 385 1120 eaque
413 1065 593 1109 strictior
611 1066 743 1109 forma
763 1069 827 1109 est
845 1078 920 1120 pro
943 1066 1187 1121 simpliciore
1203 1067 1321 1110 Hom.
1335 1068 1588 1125 χρυσάορος.

366 1134 523 1177 Verba:

366 1202 524 1244 ἀλεύο
531 1218 625 1258 μαι
658 1215 733 1257 pro
771 1202 891 1246 Hom.
934 1202 1103 1259 ἀλέομαι
1143 1216 1169 1247 a
1207 1203 1323 1247 cuius
1365 1204 1519 1248 aoristo
1547 1205 1589 1247 II

256 1271 463 1329 ὴλεοάμην
499 1272 632 1326 ipsum
662 1271 891 1315 derivatum
921 1275 985 1322 est
1013 1284 1106 1315 cum
1137 1272 1246 1326 apud
1275 1272 1499 1316 Homerum
1528 1285 1590 1316 se-

253 1341 333 1383 mel
363 1352 492 1393 eoque
521 1340 622 1383 satis
651 1340 806 1382 recenti
833 1339 923 1383 loco
954 1342 1066 1383 extet
1094 1356 1129 1381 ω
1150 1341 1216 1393 29,
1247 1340 1357 1384 idem
1376 1341 1488 1394 apud
1507 1342 1588 1384 He-

251 1407 415 1450 siodum
444 1408 486 1451 in
514 1407 613 1451 locis
641 1406 754 1450 nulla
781 1421 807 1450 a
835 1411 955 1462 parte
986 1409 1187 1462 suspectis
1223 1408 1376 1464 legitur
1405 1408 1481 1491 Op.
1504 1409 1585 1452 535

255 1475 528 1536 (ἀλευόμενοι)
558 1478 600 1518 et
629 1475 704 1530 Op.
727 1476 810 1517 760
840 1475 1090 1530 (ὑπαλεύεο).

365 1543 658 1599 αλιτραίνω
689 1544 765 1598 Op.
788 1544 865 1586 241
891 1545 1082 1599 et3301)
1120 1557 1195 1599 pro
1224 1545 1342 1588 Hom.
1380 1542 1590 1586 ἀλιτέσθαι

257 1612 425 1656 ductum
458 1616 522 1655 est
549 1612 601 1655 ab
632 1612 831 1656 adiectivo
860 1613 981 1656 Hom.
1001 1612 1188 1669 ἀλιτρός.
1271 1629 1274 1630 ’

364 1680 564 1723 Addenda
592 1680 694 1723 haec
724 1684 846 1723 sunt:

365 1749 392 1789 ἀ
399 1765 430 1803 μ
442 1748 694 1804 φαγαπάω
725 1747 800 1803 Op.
823 1748 876 1791 58
908 1749 977 1803 (cf.
998 1749 1107 1804 hym.
1132 1749 1222 1793 Cer.
1244 1749 1344 1804 439)
1373 1762 1447 1804 pro
1469 1750 1586 1794 Hom.

254 1816 556 1873 ἀμφαγαπάζω,

365 1884 391 1926 ἀ
399 1883 677 1940 μφαραβίζ
682 1899 717 1924 ω
747 1883 812 1927 Sc.
835 1885 889 1927 64
919 1897 994 1939 pro
1013 1883 1133 1928 Hom.
1166 1885 1444 1942 ἅμφαραβέω,

364 1951 620 1993 διδασκέω
650 1952 725 2005 Op.
749 1952 801 1994 63
833 1952 900 2007 (cf.
932 1953 1039 2007 hym.
1072 1952 1162 1997 Cer.
1188 1954 1286 2009 144)
1322 1967 1399 2008 pro
1429 1954 1589 2009 vulgari

253 2033 383 2076 eoque
411 2019 627 2064 Homerico
658 2019 855 2070 διδάσκω,

365 2088 457 2130 ἐπα
467 2103 488 2129 υ
495 2086 636 2143 ρέωῒ
665 2087 741 2142 Op.
757 2089 839 2130 419
860 2088 993 2132 forma
1012 2090 1135 2144 paulo
1155 2090 1458 2134 memorabilior
1478 2092 1587 2145 quod

253 2157 437 2200 derivata
466 2159 530 2199 est
558 2155 610 2198 ab
640 2156 794 2199 aoristo
813 2157 856 2199 II
886 2156 1066 2214 ἐπαῦρον
1097 2158 1326 2211 Homerico,

365 2223 528 2264 θυνέω
550 2224 577 2276 †
605 2224 775 2266 verbum
806 2224 920 2268 Scuti
949 2226 1148 2269 Hesiodei
1177 2226 1387 2279 proprium
1418 2227 1472 2280 (v.
1493 2227 1584 2269 156.

253 2293 346 2334 210.
369 2291 462 2333 257.
487 2290 599 2344 286.)
630 2290 799 2335 ductum
821 2293 882 2336 ‘ab
911 2291 1030 2336 Hom.
1063 2292 1188 2343 θάνω,

364 2357 601 2415 κορῦύνω
621 2359 647 2412 †
676 2359 750 2401 Th.
773 2360 854 2404 853
885 2373 959 2414 pro
988 2356 1107 2404 Hom.
1139 2359 1321 2418 κορθύω,

364 2427 587 2475 ὀνοτάζω
617 2426 692 2480 Op.
715 2427 796 2470 258
828 2428 895 2483 (cf.
917 2429 1026 2484 hym.
1048 2430 1171 2474 Merc.
1189 2430 1261 2485 30)
1291 2430 1424 2473 rarior
1457 2430 1588 2475 forma

251 2508 325 2552 pro
353 2496 474 2539 Hom.
501 2494 657 2551 ὅνομαι.

351 2594 381 2637 1)
403 2573 480 2627 Nisi
502 2591 569 2627 hoc
592 2591 668 2628 loco
692 2593 823 2629 rectius
846 2594 1063 2630 ἀλιταίνεται
1085 2595 1215 2640 legitur
1236 2605 1403 2640 praesens
1418 2599 1454 2631 et
1471 2596 1587 2641 ipsum

252 2649 406 2690 Homero
429 2647 654 2693 incognitum,
