1967 3062
364 775 501 817 Primo
530 775 618 817 loco
648 774 839 827 quoniam
871 773 921 815 de
951 772 1159 816 vocabulis
1188 772 1392 825 agendum
1423 775 1510 823 est,
1548 772 1590 813 in

253 841 316 884 his
345 842 444 895 quid
473 846 587 885 aetas
617 841 823 884 Hesiodea
853 839 948 883 novi
986 840 1203 893 protulerit
1239 840 1474 894 quaerimus
1515 840 1588 887 ita,

254 914 301 952 ut
330 914 372 952 et
400 911 597 952 vocabula
627 922 796 962 prorsus
826 909 877 950 ab
908 908 1087 951 Homero
1118 908 1251 949 aliena
1288 911 1330 950 et
1366 918 1588 960 persequa-

252 990 344 1021 mur
373 991 422 1021 ea
448 989 553 1032 quae
583 976 797 1019 dumtaxat
827 987 904 1018 usu
934 987 981 1018 ac
1011 974 1309 1028 significatione
1339 975 1390 1017 ab
1423 987 1470 1016 eo
1510 973 1588 1015 dis·

253 1050 432 1097 crepant.
493 1046 598 1087 Nam
628 1046 777 1098 duplex
805 1044 908 1085 haec
938 1045 1120 1085 cernitur
1149 1043 1258 1095 quod
1300 1044 1352 1084 ad
1389 1042 1589 1085 vocabula

253 1115 400 1156 attinet
428 1114 470 1156 in
502 1113 610 1156 omni
640 1113 783 1166 lingua
808 1112 994 1163 mutatio,
1025 1111 1134 1165 quod
1156 1112 1305 1164 partim
1328 1109 1590 1153 obsolescunt

253 1183 451 1236 quaedam
482 1183 564 1224 alia
594 1185 810 1235 emergunt
839 1180 988 1235 partim
1018 1184 1186 1222 manent
1215 1180 1286 1221 illa
1310 1179 1477 1232 quidem
1501 1177 1591 1220 sed-

252 1254 388 1293 tamen
418 1250 627 1293 notionem
659 1261 860 1302 usumque
893 1252 1064 1291 mutant.

791 1512 980 1573 CAPUT
1015 1514 1051 1576 Ι.

475 1639 548 1691 DE
588 1639 888 1693 VOCABULIS
931 1639 1137 1692 OMNINO
1179 1638 1351 1691 NOVIS.

363 1771 497 1824 Atque
526 1769 568 1811 in
598 1770 674 1812 hoc
702 1783 853 1824 genere
878 1783 977 1814 eum
1007 1784 1086 1813 non
1117 1769 1197 1812 nisi
1235 1781 1284 1811 ea
1321 1769 1363 1810 in
1399 1768 1588 1820 disquisi-

205 1883 208 1887 ,
248 1839 400 1881 tionem
430 1849 576 1880 vocare
605 1839 722 1881 nobis
753 1840 794 1881 in
824 1840 959 1881 animo
991 1840 1057 1890 sit,
1089 1851 1195 1892 quae
1216 1837 1326 1891 quod
1345 1837 1386 1878 in
1407 1837 1587 1878 Homero

248 1918 328 1949 non
357 1906 620 1948 inveniuntur
649 1906 749 1949 inde
780 1908 832 1950 ab
863 1908 951 1950 eius
983 1919 1171 1949 sermone
1203 1906 1336 1948 aliena
1366 1918 1456 1948 esse
1480 1903 1590 1946 colli-

247 1974 424 2028 gendum
463 1977 548 2025 est,
593 1986 809 2017 caveamus
849 1976 949 2018 illud
989 1988 1157 2018 necesse
1199 1979 1263 2017 est
1303 1987 1354 2016 ne
1392 1973 1588 2016 orationis

248 2042 476 2085 diversitati
507 2046 663 2085 temere
695 2045 952 2098 assignemus
992 2044 1102 2096 quod
1141 2044 1227 2085 sive
1264 2044 1317 2085 ab
1358 2042 1589 2095 argumenti

248 2112 477 2155 differentia
506 2110 592 2153 sive
624 2112 675 2154 ab
714 2112 912 2154 electione
953 2117 1100 2165 poetae
1136 2112 1299 2164 pendet.
1369 2112 1504 2162 Quare
1542 2115 1589 2152 ut

246 2184 357 2222 recte
387 2191 431 2221 se
454 2178 606 2221 habeat
628 2179 856 2233 disputatio
880 2185 1036 2232 nostra,
1069 2193 1148 2222 non
1170 2181 1451 2234 arripiendum
1472 2180 1588 2221 nobis

247 2252 310 2290 est
339 2247 512 2300 quodvis
542 2248 785 2290 vocabulum
823 2249 992 2291 fortuito
1025 2250 1076 2291 ab
1097 2249 1276 2291 Homero
1304 2249 1483 2303 exulans,
1515 2248 1587 2289 sed

246 2315 525 2368 quaerendum
565 2319 661 2358 ante
701 2318 863 2366 omnia,
903 2318 1070 2361 loeusne
1113 2317 1276 2360 omnino
1318 2316 1441 2359 fuerit
1479 2317 1587 2370 apud

247 2385 470 2426 Homerum
512 2386 553 2426 in
594 2397 676 2438 quo
713 2388 945 2428 necessario
985 2387 1232 2438 requiratur.
1304 2387 1351 2427 In
1392 2398 1471 2438 quo
1511 2386 1588 2427 hoc

246 2454 362 2497 nobis
393 2453 564 2508 contigit
594 2457 893 2508 opportunum,
930 2455 1040 2510 quod
1069 2455 1110 2497 in
1140 2455 1346 2509 plerisque
1378 2453 1586 2497 vocabulis

246 2534 352 2575 quae
382 2535 486 2565 nova
515 2526 720 2575 apparent
749 2524 789 2564 in
813 2524 993 2566 Hesiodo
1027 2524 1108 2565 alia
1137 2524 1319 2565 eiusdem
1349 2523 1413 2564 vel
1443 2522 1587 2563 similis

249 2591 426 2635 notionis
444 2591 609 2635 nomina
627 2590 843 2634 Homerica
859 2592 1112 2634 demonstari
1127 2598 1310 2644 possunt,
1331 2602 1435 2643 quae
1451 2602 1589 2643 quem-

246 2660 467 2703 admodum
497 2659 591 2700 huic
623 2663 772 2712 poetae
801 2661 976 2702 maxime
1009 2660 1333 2712 frequentantur,
1365 2659 1423 2700 sic
1453 2659 1587 2700 rarius
