<?xml version="1.0" encoding="UTF-8"?>
<!DOCTYPE html PUBLIC "-//W3C//DTD XHTML 1.0 Transitional//EN"
    "http://www.w3.org/TR/xhtml1/DTD/xhtml1-transitional.dtd">
<html xmlns="http://www.w3.org/1999/xhtml" xml:lang="en" lang="en">
 <head>
  <title>
</title>
<meta http-equiv="Content-Type" content="text/html;charset=utf-8" />
  <meta name='ocr-system' content='tesseract 3.04.00' />
  <meta name='ocr-capabilities' content='ocr_page ocr_carea ocr_par ocr_line ocrx_word'/>
</head>
<body>
  <div class='ocr_page' id='page_1' title='image "4737860_0030.png"; bbox 0 0 1967 3062; ppageno 0'>
   <div class='ocr_carea' id='block_1_1' title="bbox 806 226 1086 269">
    <p class='ocr_par' dir='ltr' id='par_1_1' title="bbox 806 226 1086 269">
     <span class='ocr_line' id='line_1_1' title="bbox 806 226 1086 269; baseline -0.004 -11"><span class='ocrx_word' id='word_1_1' title='bbox 806 226 1086 269; x_wconf 75' lang='grc'>...23-</span> 
     </span>
    </p>
   </div>
   <div class='ocr_carea' id='block_1_2' title="bbox 269 339 1619 2583">
    <p class='ocr_par' dir='ltr' id='par_1_2' title="bbox 271 339 1619 2306">
     <span class='ocr_line' id='line_1_2' title="bbox 312 339 1612 401; baseline -0.003 -14"><span class='ocrx_word' id='word_1_2' title='bbox 312 352 314 354; x_wconf 81' lang='grc'><strong>’</strong></span> <span class='ocrx_word' id='word_1_3' title='bbox 387 344 565 387; x_wconf 90' lang='lat' dir='ltr'><strong>Verbum</strong></span> <span class='ocrx_word' id='word_1_4' title='bbox 584 343 747 401; x_wconf 77' lang='grc' dir='ltr'><em>ζηλόω</em></span> <span class='ocrx_word' id='word_1_5' title='bbox 764 341 922 396; x_wconf 86' lang='lat' dir='ltr'><strong>pariter</strong></span> <span class='ocrx_word' id='word_1_6' title='bbox 936 353 983 384; x_wconf 88' lang='lat' dir='ltr'><strong>ac</strong></span> <span class='ocrx_word' id='word_1_7' title='bbox 999 340 1303 384; x_wconf 82' lang='lat' dir='ltr'><strong>substantivum</strong></span> <span class='ocrx_word' id='word_1_8' title='bbox 1325 340 1446 398; x_wconf 81' lang='grc' dir='ltr'><em>ζῆλο</em></span> <span class='ocrx_word' id='word_1_9' title='bbox 1459 356 1481 386; x_wconf 87' lang='grc' dir='ltr'><em>ς</em></span> <span class='ocrx_word' id='word_1_10' title='bbox 1501 339 1612 394; x_wconf 84' lang='lat' dir='ltr'><strong>apud</strong></span> 
     </span>
     <span class='ocr_line' id='line_1_3' title="bbox 274 408 1612 464; baseline -0.004 -8"><span class='ocrx_word' id='word_1_11' title='bbox 274 413 499 456; x_wconf 85' lang='lat' dir='ltr'><strong>Homerum</strong></span> <span class='ocrx_word' id='word_1_12' title='bbox 530 412 657 456; x_wconf 85' lang='lat' dir='ltr'><strong>deest.</strong></span> <span class='ocrx_word' id='word_1_13' title='bbox 711 411 867 454; x_wconf 83' lang='lat' dir='ltr'><strong>Extant</strong></span> <span class='ocrx_word' id='word_1_14' title='bbox 902 419 1002 452; x_wconf 88' lang='lat' dir='ltr'><strong>vero</strong></span> <span class='ocrx_word' id='word_1_15' title='bbox 1022 421 1128 464; x_wconf 86' lang='lat' dir='ltr'><strong>quae</strong></span> <span class='ocrx_word' id='word_1_16' title='bbox 1149 409 1333 453; x_wconf 88' lang='lat' dir='ltr'><strong>eiusdem</strong></span> <span class='ocrx_word' id='word_1_17' title='bbox 1354 408 1495 463; x_wconf 78' lang='lat' dir='ltr'><strong>stirpis</strong></span> <span class='ocrx_word' id='word_1_18' title='bbox 1515 410 1612 451; x_wconf 88' lang='lat' dir='ltr'><strong>sunt</strong></span> 
     </span>
     <span class='ocr_line' id='line_1_4' title="bbox 272 476 1610 535; baseline -0.006 -10"><span class='ocrx_word' id='word_1_19' title='bbox 272 482 315 525; x_wconf 92' lang='lat' dir='ltr'><strong>in</strong></span> <span class='ocrx_word' id='word_1_20' title='bbox 345 482 530 535; x_wconf 86' lang='lat' dir='ltr'><strong>Odyssea</strong></span> <span class='ocrx_word' id='word_1_21' title='bbox 559 481 640 523; x_wconf 92' lang='lat' dir='ltr'><strong>duo</strong></span> <span class='ocrx_word' id='word_1_22' title='bbox 671 480 770 522; x_wconf 86' lang='lat' dir='ltr'><strong>haec</strong></span> <span class='ocrx_word' id='word_1_23' title='bbox 799 478 1022 521; x_wconf 86' lang='lat' dir='ltr'><strong>adiectiva:</strong></span> <span class='ocrx_word' id='word_1_24' title='bbox 1053 490 1181 520; x_wconf 91' lang='lat' dir='ltr'><strong>unum</strong></span> <span class='ocrx_word' id='word_1_25' title='bbox 1214 478 1441 535; x_wconf 74' lang='grc' dir='ltr'><em>ζηλήμονες</em></span> <span class='ocrx_word' id='word_1_26' title='bbox 1469 491 1490 518; x_wconf 93' lang='grc' dir='ltr'><em>ε</em></span> <span class='ocrx_word' id='word_1_27' title='bbox 1509 476 1610 525; x_wconf 80' lang='grc' dir='ltr'><strong>11ος</strong></span> 
     </span>
     <span class='ocr_line' id='line_1_5' title="bbox 274 544 1615 602; baseline -0.006 -10"><span class='ocrx_word' id='word_1_28' title='bbox 274 553 317 593; x_wconf 90' lang='lat' dir='ltr'><strong>at</strong></span> <span class='ocrx_word' id='word_1_29' title='bbox 352 553 504 592; x_wconf 89' lang='lat' dir='ltr'><strong>norunt</strong></span> <span class='ocrx_word' id='word_1_30' title='bbox 541 549 617 591; x_wconf 87' lang='lat' dir='ltr'><strong>hoc</strong></span> <span class='ocrx_word' id='word_1_31' title='bbox 655 548 743 590; x_wconf 89' lang='lat' dir='ltr'><strong>loco</strong></span> <span class='ocrx_word' id='word_1_32' title='bbox 780 545 935 588; x_wconf 88' lang='lat' dir='ltr'><strong>scholia</strong></span> <span class='ocrx_word' id='word_1_33' title='bbox 972 545 1095 588; x_wconf 90' lang='lat' dir='ltr'><strong>aliam</strong></span> <span class='ocrx_word' id='word_1_34' title='bbox 1138 545 1352 589; x_wconf 87' lang='lat' dir='ltr'><strong>lectionem</strong></span> <span class='ocrx_word' id='word_1_35' title='bbox 1383 544 1615 602; x_wconf 78' lang='grc' dir='ltr'><em>δηλήμονες</em></span> 
     </span>
     <span class='ocr_line' id='line_1_6' title="bbox 275 612 1614 673; baseline -0.005 -11"><span class='ocrx_word' id='word_1_36' title='bbox 275 616 341 673; x_wconf 89' lang='lat' dir='ltr'><strong>(cf.</strong></span> <span class='ocrx_word' id='word_1_37' title='bbox 366 617 548 661; x_wconf 87' lang='lat' dir='ltr'><strong>Nitzsch.</strong></span> <span class='ocrx_word' id='word_1_38' title='bbox 574 616 627 669; x_wconf 87' lang='grc' dir='ltr'><strong>ΙΙ,</strong></span> <span class='ocrx_word' id='word_1_39' title='bbox 652 614 723 670; x_wconf 79' lang='grc'><strong>21)</strong></span> <span class='ocrx_word' id='word_1_40' title='bbox 763 625 869 667; x_wconf 87' lang='lat' dir='ltr'><strong>quae</strong></span> <span class='ocrx_word' id='word_1_41' title='bbox 899 612 1132 657; x_wconf 89' lang='lat' dir='ltr'><strong>confirmari</strong></span> <span class='ocrx_word' id='word_1_42' title='bbox 1164 613 1325 657; x_wconf 84' lang='lat' dir='ltr'><strong>videtur</strong></span> <span class='ocrx_word' id='word_1_43' title='bbox 1353 613 1443 657; x_wconf 85' lang='lat' dir='ltr'><strong>loco</strong></span> <span class='ocrx_word' id='word_1_44' title='bbox 1472 612 1614 656; x_wconf 81' lang='lat' dir='ltr'>Iliadis</span> 
     </span>
     <span class='ocr_line' id='line_1_7' title="bbox 274 681 1614 738; baseline -0.002 -12"><span class='ocrx_word' id='word_1_45' title='bbox 274 684 310 726; x_wconf 77' lang='lat' dir='ltr'><strong>„Q</strong></span> <span class='ocrx_word' id='word_1_46' title='bbox 330 685 395 727; x_wconf 87' lang='lat'><strong>33.</strong></span> <span class='ocrx_word' id='word_1_47' title='bbox 442 685 628 728; x_wconf 88' lang='lat' dir='ltr'><strong>Alterum</strong></span> <span class='ocrx_word' id='word_1_48' title='bbox 659 682 846 738; x_wconf 80' lang='grc' dir='ltr'><em>δύςζηλοι</em></span> <span class='ocrx_word' id='word_1_49' title='bbox 874 681 1025 735; x_wconf 88' lang='lat' dir='ltr'><strong>legitur</strong></span> <span class='ocrx_word' id='word_1_50' title='bbox 1054 696 1079 738; x_wconf 90' lang='grc' dir='ltr'><em>η</em></span> <span class='ocrx_word' id='word_1_51' title='bbox 1101 681 1182 723; x_wconf 84' lang='grc'><strong>307</strong></span> <span class='ocrx_word' id='word_1_52' title='bbox 1213 682 1255 724; x_wconf 91' lang='lat' dir='ltr'><strong>in</strong></span> <span class='ocrx_word' id='word_1_53' title='bbox 1275 682 1365 725; x_wconf 89' lang='lat' dir='ltr'><strong>loco</strong></span> <span class='ocrx_word' id='word_1_54' title='bbox 1389 681 1614 724; x_wconf 87' lang='lat' dir='ltr'><strong>secundum</strong></span> 
     </span>
     <span class='ocr_line' id='line_1_8' title="bbox 275 749 1614 805; baseline -0.002 -9"><span class='ocrx_word' id='word_1_55' title='bbox 275 753 568 797; x_wconf 88' lang='lat' dir='ltr'><strong>Kirchhoffium</strong></span> <span class='ocrx_word' id='word_1_56' title='bbox 589 764 670 795; x_wconf 92' lang='lat' dir='ltr'><strong>non</strong></span> <span class='ocrx_word' id='word_1_57' title='bbox 692 751 858 805; x_wconf 90' lang='lat' dir='ltr'><strong>quidem</strong></span> <span class='ocrx_word' id='word_1_58' title='bbox 881 749 1202 799; x_wconf 88' lang='lat' dir='ltr'><strong>exterminando,</strong></span> <span class='ocrx_word' id='word_1_59' title='bbox 1234 749 1306 793; x_wconf 86' lang='lat' dir='ltr'><strong>sed</strong></span> <span class='ocrx_word' id='word_1_60' title='bbox 1328 749 1614 804; x_wconf 81' lang='lat' dir='ltr'><strong>interpolatori</strong></span> 
     </span>
     <span class='ocr_line' id='line_1_9' title="bbox 275 817 1614 875; baseline -0.001 -11"><span class='ocrx_word' id='word_1_61' title='bbox 275 821 521 875; x_wconf 84' lang='lat' dir='ltr'><strong>assignando</strong></span> <span class='ocrx_word' id='word_1_62' title='bbox 543 819 640 875; x_wconf 89' lang='lat' dir='ltr'><strong>(No.</strong></span> <span class='ocrx_word' id='word_1_63' title='bbox 660 821 696 860; x_wconf 87' lang='lat'><strong>7.</strong></span> <span class='ocrx_word' id='word_1_64' title='bbox 716 817 843 872; x_wconf 86' lang='lat' dir='ltr'><strong>praef.</strong></span> <span class='ocrx_word' id='word_1_65' title='bbox 860 818 943 872; x_wconf 91' lang='lat' dir='ltr'><strong>X.).</strong></span> <span class='ocrx_word' id='word_1_66' title='bbox 977 818 1105 871; x_wconf 88' lang='lat' dir='ltr'><strong>Atqui</strong></span> <span class='ocrx_word' id='word_1_67' title='bbox 1124 818 1295 861; x_wconf 89' lang='lat' dir='ltr'><strong>verbum</strong></span> <span class='ocrx_word' id='word_1_68' title='bbox 1319 818 1484 871; x_wconf 92' lang='lat' dir='ltr'><strong>quidem</strong></span> <span class='ocrx_word' id='word_1_69' title='bbox 1504 819 1614 870; x_wconf 89' lang='lat' dir='ltr'><strong>quod</strong></span> 
     </span>
     <span class='ocr_line' id='line_1_10' title="bbox 275 886 1614 944; baseline -0.002 -11"><span class='ocrx_word' id='word_1_70' title='bbox 275 903 476 944; x_wconf 82' lang='lat' dir='ltr'><strong>nusquam</strong></span> <span class='ocrx_word' id='word_1_71' title='bbox 506 890 547 931; x_wconf 91' lang='lat' dir='ltr'><strong>in</strong></span> <span class='ocrx_word' id='word_1_72' title='bbox 570 888 819 931; x_wconf 86' lang='lat' dir='ltr'><strong>carminibus</strong></span> <span class='ocrx_word' id='word_1_73' title='bbox 839 886 1069 929; x_wconf 85' lang='lat' dir='ltr'><strong>Homericis</strong></span> <span class='ocrx_word' id='word_1_74' title='bbox 1090 890 1298 940; x_wconf 88' lang='lat' dir='ltr'><strong>comparet</strong></span> <span class='ocrx_word' id='word_1_75' title='bbox 1328 886 1614 930; x_wconf 86' lang='lat' dir='ltr'><strong>observatione</strong></span> 
     </span>
     <span class='ocr_line' id='line_1_11' title="bbox 276 954 1612 1011; baseline -0.003 -10"><span class='ocrx_word' id='word_1_76' title='bbox 276 959 449 1001; x_wconf 86' lang='lat' dir='ltr'><strong>maxime</strong></span> <span class='ocrx_word' id='word_1_77' title='bbox 479 957 646 1011; x_wconf 83' lang='lat' dir='ltr'><strong>dignum</strong></span> <span class='ocrx_word' id='word_1_78' title='bbox 677 958 752 1004; x_wconf 88' lang='lat' dir='ltr'><strong>est,</strong></span> <span class='ocrx_word' id='word_1_79' title='bbox 783 967 876 997; x_wconf 89' lang='lat' dir='ltr'><strong>cum</strong></span> <span class='ocrx_word' id='word_1_80' title='bbox 897 958 938 997; x_wconf 85' lang='lat' dir='ltr'><strong>et</strong></span> <span class='ocrx_word' id='word_1_81' title='bbox 959 954 1151 1009; x_wconf 84' lang='lat' dir='ltr'><strong>frequens</strong></span> <span class='ocrx_word' id='word_1_82' title='bbox 1173 955 1228 998; x_wconf 84' lang='lat' dir='ltr'><strong>sit</strong></span> <span class='ocrx_word' id='word_1_83' title='bbox 1246 955 1288 998; x_wconf 91' lang='lat' dir='ltr'><strong>in</strong></span> <span class='ocrx_word' id='word_1_84' title='bbox 1308 955 1368 1001; x_wconf 87' lang='lat' dir='ltr'><strong>eis</strong></span> <span class='ocrx_word' id='word_1_85' title='bbox 1389 956 1612 999; x_wconf 88' lang='lat' dir='ltr'><strong>verborum</strong></span> 
     </span>
     <span class='ocr_line' id='line_1_12' title="bbox 272 1023 1613 1082; baseline 0 -14"><span class='ocrx_word' id='word_1_86' title='bbox 272 1026 459 1082; x_wconf 81' lang='grc' dir='ltr'><em>μεγαίρω</em></span> <span class='ocrx_word' id='word_1_87' title='bbox 489 1030 531 1069; x_wconf 89' lang='lat' dir='ltr'><strong>et</strong></span> <span class='ocrx_word' id='word_1_88' title='bbox 552 1024 741 1079; x_wconf 81' lang='grc' dir='ltr'><em>ἀγαίομαι</em></span> <span class='ocrx_word' id='word_1_89' title='bbox 753 1023 785 1077; x_wconf 93' lang='grc'><strong>1)</strong></span> <span class='ocrx_word' id='word_1_90' title='bbox 816 1035 916 1066; x_wconf 89' lang='lat' dir='ltr'><strong>usus</strong></span> <span class='ocrx_word' id='word_1_91' title='bbox 945 1035 1078 1077; x_wconf 90' lang='lat' dir='ltr'><strong>neque</strong></span> <span class='ocrx_word' id='word_1_92' title='bbox 1110 1023 1331 1067; x_wconf 86' lang='lat' dir='ltr'><strong>abhorreat</strong></span> <span class='ocrx_word' id='word_1_93' title='bbox 1357 1024 1412 1068; x_wconf 85' lang='lat' dir='ltr'><strong>ab</strong></span> <span class='ocrx_word' id='word_1_94' title='bbox 1434 1024 1613 1068; x_wconf 83' lang='lat' dir='ltr'><strong>Homero</strong></span> 
     </span>
     <span class='ocr_line' id='line_1_13' title="bbox 276 1091 1617 1152; baseline -0.004 -13"><span class='ocrx_word' id='word_1_95' title='bbox 276 1095 388 1139; x_wconf 86' lang='lat' dir='ltr'><strong>notio</strong></span> <span class='ocrx_word' id='word_1_96' title='bbox 428 1094 634 1137; x_wconf 89' lang='lat' dir='ltr'><strong>invidendi</strong></span> <span class='ocrx_word' id='word_1_97' title='bbox 671 1091 997 1152; x_wconf 82' lang='lat' dir='ltr'><strong>aemulandique.</strong></span> <span class='ocrx_word' id='word_1_98' title='bbox 1066 1093 1125 1134; x_wconf 88' lang='lat' dir='ltr'><strong>Ac</strong></span> <span class='ocrx_word' id='word_1_99' title='bbox 1166 1093 1281 1145; x_wconf 87' lang='lat' dir='ltr'><strong>peior</strong></span> <span class='ocrx_word' id='word_1_100' title='bbox 1318 1092 1387 1135; x_wconf 89' lang='lat' dir='ltr'><strong>ille</strong></span> <span class='ocrx_word' id='word_1_101' title='bbox 1429 1093 1617 1135; x_wconf 86' lang='lat' dir='ltr'><strong>vocabuli</strong></span> 
     </span>
     <span class='ocr_line' id='line_1_14' title="bbox 277 1161 1613 1214; baseline -0.001 -8"><span class='ocrx_word' id='word_1_102' title='bbox 277 1176 420 1207; x_wconf 83' lang='lat' dir='ltr'><strong>sensus</strong></span> <span class='ocrx_word' id='word_1_103' title='bbox 457 1176 538 1205; x_wconf 93' lang='lat' dir='ltr'><strong>non</strong></span> <span class='ocrx_word' id='word_1_104' title='bbox 576 1162 708 1205; x_wconf 89' lang='lat' dir='ltr'><strong>solum</strong></span> <span class='ocrx_word' id='word_1_105' title='bbox 747 1162 789 1203; x_wconf 93' lang='lat' dir='ltr'><strong>in</strong></span> <span class='ocrx_word' id='word_1_106' title='bbox 820 1161 1035 1203; x_wconf 84' lang='lat' dir='ltr'><strong>adiectivis</strong></span> <span class='ocrx_word' id='word_1_107' title='bbox 1075 1161 1155 1203; x_wconf 91' lang='lat' dir='ltr'><strong>illis</strong></span> <span class='ocrx_word' id='word_1_108' title='bbox 1184 1162 1414 1205; x_wconf 86' lang='lat' dir='ltr'><strong>Homericis</strong></span> <span class='ocrx_word' id='word_1_109' title='bbox 1444 1161 1613 1214; x_wconf 87' lang='lat' dir='ltr'><strong>obtinet,</strong></span> 
     </span>
     <span class='ocr_line' id='line_1_15' title="bbox 276 1228 1617 1283; baseline -0.002 -9"><span class='ocrx_word' id='word_1_110' title='bbox 276 1232 347 1275; x_wconf 89' lang='lat' dir='ltr'><strong>sed</strong></span> <span class='ocrx_word' id='word_1_111' title='bbox 379 1232 502 1274; x_wconf 90' lang='lat' dir='ltr'><strong>etiam</strong></span> <span class='ocrx_word' id='word_1_112' title='bbox 532 1230 643 1283; x_wconf 88' lang='lat' dir='ltr'><strong>apud</strong></span> <span class='ocrx_word' id='word_1_113' title='bbox 677 1228 903 1272; x_wconf 89' lang='lat' dir='ltr'><strong>Hesiodum</strong></span> <span class='ocrx_word' id='word_1_114' title='bbox 937 1231 1079 1282; x_wconf 88' lang='lat' dir='ltr'><strong>aperte</strong></span> <span class='ocrx_word' id='word_1_115' title='bbox 1108 1230 1332 1283; x_wconf 88' lang='lat' dir='ltr'><strong>praevalet.</strong></span> <span class='ocrx_word' id='word_1_116' title='bbox 1392 1229 1497 1271; x_wconf 90' lang='lat' dir='ltr'><strong>Nam</strong></span> <span class='ocrx_word' id='word_1_117' title='bbox 1521 1229 1617 1272; x_wconf 90' lang='lat' dir='ltr'><strong>sub-</strong></span> 
     </span>
     <span class='ocr_line' id='line_1_16' title="bbox 277 1296 1614 1352; baseline -0.001 -10"><span class='ocrx_word' id='word_1_118' title='bbox 277 1300 500 1342; x_wconf 86' lang='lat' dir='ltr'><strong>stantivum</strong></span> <span class='ocrx_word' id='word_1_119' title='bbox 540 1310 621 1352; x_wconf 92' lang='lat' dir='ltr'><strong>quo</strong></span> <span class='ocrx_word' id='word_1_120' title='bbox 657 1298 834 1350; x_wconf 86' lang='lat' dir='ltr'><strong>primum</strong></span> <span class='ocrx_word' id='word_1_121' title='bbox 874 1296 962 1338; x_wconf 87' lang='lat' dir='ltr'><strong>loco</strong></span> <span class='ocrx_word' id='word_1_122' title='bbox 999 1297 1151 1349; x_wconf 88' lang='lat' dir='ltr'><strong>legitur</strong></span> <span class='ocrx_word' id='word_1_123' title='bbox 1192 1297 1266 1350; x_wconf 89' lang='lat' dir='ltr'><strong>Op.</strong></span> <span class='ocrx_word' id='word_1_124' title='bbox 1287 1298 1381 1346; x_wconf 85' lang='lat'>195,</span> <span class='ocrx_word' id='word_1_125' title='bbox 1421 1297 1614 1341; x_wconf 80' lang='lat' dir='ltr'><strong>invidiam</strong></span> 
     </span>
     <span class='ocr_line' id='line_1_17' title="bbox 279 1364 1615 1423; baseline -0.003 -13"><span class='ocrx_word' id='word_1_126' title='bbox 279 1367 593 1422; x_wconf 86' lang='lat' dir='ltr'><strong>intellegendam</strong></span> <span class='ocrx_word' id='word_1_127' title='bbox 623 1378 714 1408; x_wconf 87' lang='lat' dir='ltr'><strong>esse</strong></span> <span class='ocrx_word' id='word_1_128' title='bbox 744 1365 926 1419; x_wconf 85' lang='lat' dir='ltr'><strong>epitheta</strong></span> <span class='ocrx_word' id='word_1_129' title='bbox 957 1364 1216 1412; x_wconf 70' lang='grc' dir='ltr'><em>δυσκέλαδος,</em></span> <span class='ocrx_word' id='word_1_130' title='bbox 1238 1364 1501 1423; x_wconf 77' lang='grc' dir='ltr'><em>κακόχαρτος,</em></span> <span class='ocrx_word' id='word_1_131' title='bbox 1526 1379 1615 1406; x_wconf 81' lang='grc' dir='ltr'><em>στυ-</em></span> 
     </span>
     <span class='ocr_line' id='line_1_18' title="bbox 277 1434 1617 1494; baseline -0.001 -16"><span class='ocrx_word' id='word_1_132' title='bbox 277 1438 471 1494; x_wconf 86' lang='grc' dir='ltr'><em>γερώπης</em></span> <span class='ocrx_word' id='word_1_133' title='bbox 500 1436 642 1478; x_wconf 88' lang='lat' dir='ltr'><strong>addita</strong></span> <span class='ocrx_word' id='word_1_134' title='bbox 662 1434 925 1477; x_wconf 86' lang='lat' dir='ltr'><strong>manifestum</strong></span> <span class='ocrx_word' id='word_1_135' title='bbox 949 1434 1139 1476; x_wconf 87' lang='lat' dir='ltr'><strong>reddunt.</strong></span> <span class='ocrx_word' id='word_1_136' title='bbox 1185 1434 1241 1476; x_wconf 86' lang='lat' dir='ltr'><strong>Et</strong></span> <span class='ocrx_word' id='word_1_137' title='bbox 1260 1434 1431 1476; x_wconf 88' lang='lat' dir='ltr'><strong>verbum</strong></span> <span class='ocrx_word' id='word_1_138' title='bbox 1451 1445 1617 1488; x_wconf 90' lang='lat' dir='ltr'><strong>quoque</strong></span> 
     </span>
     <span class='ocr_line' id='line_1_19' title="bbox 276 1502 1617 1561; baseline -0.001 -14"><span class='ocrx_word' id='word_1_139' title='bbox 276 1505 385 1558; x_wconf 88' lang='lat' dir='ltr'><strong>quod</strong></span> <span class='ocrx_word' id='word_1_140' title='bbox 414 1505 591 1559; x_wconf 86' lang='lat' dir='ltr'><strong>primum</strong></span> <span class='ocrx_word' id='word_1_141' title='bbox 622 1503 697 1557; x_wconf 81' lang='lat' dir='ltr'><strong>Op.</strong></span> <span class='ocrx_word' id='word_1_142' title='bbox 720 1503 772 1545; x_wconf 83' lang='lat'><strong>23</strong></span> <span class='ocrx_word' id='word_1_143' title='bbox 812 1506 926 1547; x_wconf 81' lang='lat' dir='ltr'><strong>extat</strong></span> <span class='ocrx_word' id='word_1_144' title='bbox 969 1503 1106 1561; x_wconf 81' lang='grc' dir='ltr'><em>(ζηλοῖ</em></span> <span class='ocrx_word' id='word_1_145' title='bbox 1131 1502 1180 1544; x_wconf 79' lang='grc' dir='ltr'><strong>δέ</strong></span> <span class='ocrx_word' id='word_1_146' title='bbox 1208 1517 1252 1544; x_wconf 86' lang='grc' dir='ltr'><strong>τε</strong></span> <span class='ocrx_word' id='word_1_147' title='bbox 1273 1502 1431 1557; x_wconf 77' lang='grc' dir='ltr'><em>γείτονα</em></span> <span class='ocrx_word' id='word_1_148' title='bbox 1451 1503 1617 1560; x_wconf 79' lang='grc' dir='ltr'><em>γείτων)</em></span> 
     </span>
     <span class='ocr_line' id='line_1_20' title="bbox 275 1572 1615 1627; baseline 0 -12"><span class='ocrx_word' id='word_1_149' title='bbox 275 1574 406 1626; x_wconf 85' lang='lat' dir='ltr'><strong>magis</strong></span> <span class='ocrx_word' id='word_1_150' title='bbox 446 1584 491 1614; x_wconf 90' lang='lat' dir='ltr'><strong>se</strong></span> <span class='ocrx_word' id='word_1_151' title='bbox 531 1573 584 1614; x_wconf 92' lang='lat' dir='ltr'><strong>ad</strong></span> <span class='ocrx_word' id='word_1_152' title='bbox 613 1572 821 1614; x_wconf 88' lang='lat' dir='ltr'><strong>invidendi</strong></span> <span class='ocrx_word' id='word_1_153' title='bbox 852 1584 976 1625; x_wconf 92' lang='lat' dir='ltr'><strong>quam</strong></span> <span class='ocrx_word' id='word_1_154' title='bbox 1008 1572 1061 1614; x_wconf 88' lang='lat' dir='ltr'><strong>ad</strong></span> <span class='ocrx_word' id='word_1_155' title='bbox 1092 1572 1280 1613; x_wconf 88' lang='lat' dir='ltr'><strong>imitandi</strong></span> <span class='ocrx_word' id='word_1_156' title='bbox 1310 1572 1516 1615; x_wconf 87' lang='lat' dir='ltr'><strong>notionem</strong></span> <span class='ocrx_word' id='word_1_157' title='bbox 1546 1585 1615 1627; x_wconf 87' lang='lat' dir='ltr'><strong>ap—</strong></span> 
     </span>
     <span class='ocr_line' id='line_1_21' title="bbox 274 1640 1611 1694; baseline 0 -11"><span class='ocrx_word' id='word_1_158' title='bbox 274 1642 425 1693; x_wconf 88' lang='lat' dir='ltr'><strong>plicare</strong></span> <span class='ocrx_word' id='word_1_159' title='bbox 459 1640 724 1682; x_wconf 85' lang='lat' dir='ltr'><strong>statuendum</strong></span> <span class='ocrx_word' id='word_1_160' title='bbox 754 1645 818 1682; x_wconf 84' lang='lat' dir='ltr'><strong>est</strong></span> <span class='ocrx_word' id='word_1_161' title='bbox 846 1643 1015 1694; x_wconf 85' lang='lat' dir='ltr'><strong>propter</strong></span> <span class='ocrx_word' id='word_1_162' title='bbox 1047 1640 1298 1682; x_wconf 86' lang='lat' dir='ltr'><strong>sententiam</strong></span> <span class='ocrx_word' id='word_1_163' title='bbox 1327 1641 1519 1683; x_wconf 88' lang='lat' dir='ltr'><strong>continuo</strong></span> <span class='ocrx_word' id='word_1_164' title='bbox 1548 1652 1611 1683; x_wconf 85' lang='lat' dir='ltr'><strong>se-</strong></span> 
     </span>
     <span class='ocr_line' id='line_1_22' title="bbox 274 1707 1616 1764; baseline 0.001 -14"><span class='ocrx_word' id='word_1_165' title='bbox 274 1711 467 1761; x_wconf 89' lang='lat' dir='ltr'><strong>quentem</strong></span> <span class='ocrx_word' id='word_1_166' title='bbox 485 1707 552 1762; x_wconf 90' lang='lat' dir='ltr'><strong>(cf.</strong></span> <span class='ocrx_word' id='word_1_167' title='bbox 574 1721 637 1750; x_wconf 92' lang='lat' dir='ltr'><strong>vv.</strong></span> <span class='ocrx_word' id='word_1_168' title='bbox 660 1708 789 1749; x_wconf 82' lang='grc' dir='ltr'><em>κοτέει</em></span> <span class='ocrx_word' id='word_1_169' title='bbox 811 1722 846 1750; x_wconf 87' lang='lat' dir='ltr'><strong>v.</strong></span> <span class='ocrx_word' id='word_1_170' title='bbox 870 1709 922 1750; x_wconf 81' lang='lat'><strong>25</strong></span> <span class='ocrx_word' id='word_1_171' title='bbox 947 1712 988 1750; x_wconf 91' lang='lat' dir='ltr'><strong>et</strong></span> <span class='ocrx_word' id='word_1_172' title='bbox 1011 1707 1182 1764; x_wconf 71' lang='grc' dir='ltr'><em>φθονέει</em></span> <span class='ocrx_word' id='word_1_173' title='bbox 1202 1721 1240 1750; x_wconf 86' lang='lat' dir='ltr'><strong>v.</strong></span> <span class='ocrx_word' id='word_1_174' title='bbox 1264 1708 1348 1762; x_wconf 83' lang='lat'><strong>26).</strong></span> <span class='ocrx_word' id='word_1_175' title='bbox 1394 1709 1499 1753; x_wconf 88' lang='lat' dir='ltr'><strong>Item</strong></span> <span class='ocrx_word' id='word_1_176' title='bbox 1519 1722 1616 1751; x_wconf 88' lang='lat' dir='ltr'><strong>vero</strong></span> 
     </span>
     <span class='ocr_line' id='line_1_23' title="bbox 274 1775 1617 1829; baseline -0.001 -11"><span class='ocrx_word' id='word_1_177' title='bbox 274 1776 372 1828; x_wconf 90' lang='lat' dir='ltr'><strong>quin</strong></span> <span class='ocrx_word' id='word_1_178' title='bbox 416 1775 467 1818; x_wconf 89' lang='lat' dir='ltr'><strong>de</strong></span> <span class='ocrx_word' id='word_1_179' title='bbox 502 1776 580 1818; x_wconf 89' lang='lat' dir='ltr'><strong>hoc</strong></span> <span class='ocrx_word' id='word_1_180' title='bbox 617 1776 707 1818; x_wconf 87' lang='lat' dir='ltr'><strong>loco</strong></span> <span class='ocrx_word' id='word_1_181' title='bbox 747 1776 1011 1819; x_wconf 86' lang='lat' dir='ltr'><strong>iudicandum</strong></span> <span class='ocrx_word' id='word_1_182' title='bbox 1051 1776 1106 1818; x_wconf 90' lang='lat' dir='ltr'><strong>sit</strong></span> <span class='ocrx_word' id='word_1_183' title='bbox 1149 1776 1224 1829; x_wconf 92' lang='lat' dir='ltr'><strong>Op.</strong></span> <span class='ocrx_word' id='word_1_184' title='bbox 1249 1775 1350 1817; x_wconf 81' lang='lat'>312:</span> <span class='ocrx_word' id='word_1_185' title='bbox 1391 1777 1427 1817; x_wconf 78' lang='grc' dir='ltr'><strong>εἰ</strong></span> <span class='ocrx_word' id='word_1_186' title='bbox 1464 1776 1512 1817; x_wconf 88' lang='grc' dir='ltr'><strong>δέ</strong></span> <span class='ocrx_word' id='word_1_187' title='bbox 1549 1791 1617 1818; x_wconf 79' lang='grc' dir='ltr'><strong>κεν</strong></span> 
     </span>
     <span class='ocr_line' id='line_1_24' title="bbox 273 1844 1618 1901; baseline 0.002 -17"><span class='ocrx_word' id='word_1_188' title='bbox 273 1844 427 1900; x_wconf 79' lang='grc' dir='ltr'><em>ἐργάζῃ</em></span> <span class='ocrx_word' id='word_1_189' title='bbox 452 1845 553 1901; x_wconf 78' lang='grc' dir='ltr'><em>τάχα</em></span> <span class='ocrx_word' id='word_1_190' title='bbox 584 1859 633 1885; x_wconf 84' lang='grc' dir='ltr'><strong>σε</strong></span> <span class='ocrx_word' id='word_1_191' title='bbox 664 1844 841 1901; x_wconf 79' lang='grc' dir='ltr'><em>ζηλώσει</em></span> <span class='ocrx_word' id='word_1_192' title='bbox 870 1844 1022 1899; x_wconf 80' lang='grc' dir='ltr'><em>ἀεργὸς</em></span> <span class='ocrx_word' id='word_1_193' title='bbox 1053 1844 1313 1893; x_wconf 79' lang='grc' dir='ltr'><em>πλουτεῦντα,</em></span> <span class='ocrx_word' id='word_1_194' title='bbox 1356 1856 1439 1894; x_wconf 81' lang='lat' dir='ltr'><strong>non</strong></span> <span class='ocrx_word' id='word_1_195' title='bbox 1469 1844 1618 1887; x_wconf 85' lang='lat' dir='ltr'><strong>dubius</strong></span> 
     </span>
     <span class='ocr_line' id='line_1_25' title="bbox 271 1912 1619 1966; baseline 0.001 -12"><span class='ocrx_word' id='word_1_196' title='bbox 271 1912 458 1954; x_wconf 87' lang='lat' dir='ltr'><strong>haerebit</strong></span> <span class='ocrx_word' id='word_1_197' title='bbox 487 1913 557 1965; x_wconf 92' lang='lat' dir='ltr'><strong>qui</strong></span> <span class='ocrx_word' id='word_1_198' title='bbox 586 1925 680 1954; x_wconf 87' lang='lat' dir='ltr'><strong>cum</strong></span> <span class='ocrx_word' id='word_1_199' title='bbox 710 1912 944 1954; x_wconf 89' lang='lat' dir='ltr'><strong>universam</strong></span> <span class='ocrx_word' id='word_1_200' title='bbox 975 1912 1239 1964; x_wconf 88' lang='lat' dir='ltr'><strong>antiquorum</strong></span> <span class='ocrx_word' id='word_1_201' title='bbox 1270 1912 1475 1966; x_wconf 88' lang='lat' dir='ltr'><strong>cogitandi</strong></span> <span class='ocrx_word' id='word_1_202' title='bbox 1496 1925 1619 1966; x_wconf 86' lang='lat' dir='ltr'><strong>agen-</strong></span> 
     </span>
     <span class='ocr_line' id='line_1_26' title="bbox 274 1979 1616 2034; baseline 0.001 -13"><span class='ocrx_word' id='word_1_203' title='bbox 274 1979 397 2032; x_wconf 89' lang='lat' dir='ltr'><strong>dique</strong></span> <span class='ocrx_word' id='word_1_204' title='bbox 436 1980 638 2022; x_wconf 89' lang='lat' dir='ltr'><strong>rationem</strong></span> <span class='ocrx_word' id='word_1_205' title='bbox 675 1983 762 2022; x_wconf 88' lang='lat' dir='ltr'><strong>tum</strong></span> <span class='ocrx_word' id='word_1_206' title='bbox 800 1980 945 2023; x_wconf 86' lang='lat' dir='ltr'><strong>acerbe</strong></span> <span class='ocrx_word' id='word_1_207' title='bbox 976 1980 1106 2022; x_wconf 90' lang='lat' dir='ltr'><strong>nostri</strong></span> <span class='ocrx_word' id='word_1_208' title='bbox 1142 1983 1289 2034; x_wconf 70' lang='lat' dir='ltr'><strong>poetae</strong></span> <span class='ocrx_word' id='word_1_209' title='bbox 1318 1980 1480 2023; x_wconf 88' lang='lat' dir='ltr'><strong>dicendi</strong></span> <span class='ocrx_word' id='word_1_210' title='bbox 1519 1993 1616 2023; x_wconf 86' lang='lat' dir='ltr'><strong>con-</strong></span> 
     </span>
     <span class='ocr_line' id='line_1_27' title="bbox 273 2046 1606 2101; baseline 0 -13"><span class='ocrx_word' id='word_1_211' title='bbox 273 2046 532 2089; x_wconf 88' lang='lat' dir='ltr'><strong>suetudinem</strong></span> <span class='ocrx_word' id='word_1_212' title='bbox 553 2048 658 2089; x_wconf 86' lang='lat' dir='ltr'><strong>bene</strong></span> <span class='ocrx_word' id='word_1_213' title='bbox 677 2051 937 2101; x_wconf 88' lang='lat' dir='ltr'><strong>perspectam</strong></span> <span class='ocrx_word' id='word_1_214' title='bbox 953 2048 1115 2089; x_wconf 86' lang='lat' dir='ltr'><strong>habeat.</strong></span> <span class='ocrx_word' id='word_1_215' title='bbox 1148 2048 1368 2089; x_wconf 86' lang='lat' dir='ltr'><strong>Praeterea</strong></span> <span class='ocrx_word' id='word_1_216' title='bbox 1388 2048 1437 2089; x_wconf 82' lang='lat' dir='ltr'><strong>cf.</strong></span> <span class='ocrx_word' id='word_1_217' title='bbox 1456 2048 1606 2090; x_wconf 89' lang='lat' dir='ltr'><strong>Archil.</strong></span> 
     </span>
     <span class='ocr_line' id='line_1_28' title="bbox 274 2114 1611 2170; baseline 0.002 -14"><span class='ocrx_word' id='word_1_218' title='bbox 274 2115 397 2167; x_wconf 80' lang='lat'>24‚2‚</span> <span class='ocrx_word' id='word_1_219' title='bbox 440 2114 512 2158; x_wconf 92' lang='lat' dir='ltr'><strong>ubi</strong></span> <span class='ocrx_word' id='word_1_220' title='bbox 541 2115 675 2168; x_wconf 89' lang='lat' dir='ltr'><strong>ipsum</strong></span> <span class='ocrx_word' id='word_1_221' title='bbox 705 2116 819 2158; x_wconf 88' lang='lat' dir='ltr'><strong>verb.</strong></span> <span class='ocrx_word' id='word_1_222' title='bbox 851 2115 1042 2170; x_wconf 77' lang='grc' dir='ltr'><em>ἀγαίομαι</em></span> <span class='ocrx_word' id='word_1_223' title='bbox 1077 2116 1191 2158; x_wconf 84' lang='lat' dir='ltr'><strong>iuxta</strong></span> <span class='ocrx_word' id='word_1_224' title='bbox 1228 2116 1405 2169; x_wconf 90' lang='lat' dir='ltr'><strong>positum</strong></span> <span class='ocrx_word' id='word_1_225' title='bbox 1444 2118 1527 2167; x_wconf 85' lang='lat' dir='ltr'><strong>est,</strong></span> <span class='ocrx_word' id='word_1_226' title='bbox 1569 2120 1611 2159; x_wconf 86' lang='lat' dir='ltr'><strong>et</strong></span> 
     </span>
     <span class='ocr_line' id='line_1_29' title="bbox 276 2183 1610 2242; baseline 0 -17"><span class='ocrx_word' id='word_1_227' title='bbox 276 2183 373 2225; x_wconf 88' lang='lat' dir='ltr'><strong>Sim.</strong></span> <span class='ocrx_word' id='word_1_228' title='bbox 397 2183 443 2223; x_wconf 92' lang='lat' dir='ltr'><strong>A.</strong></span> <span class='ocrx_word' id='word_1_229' title='bbox 466 2183 502 2233; x_wconf 86' lang='lat' dir='ltr'><strong>l,</strong></span> <span class='ocrx_word' id='word_1_230' title='bbox 528 2183 575 2222; x_wconf 93' lang='grc'><strong>11</strong></span> <span class='ocrx_word' id='word_1_231' title='bbox 611 2183 800 2240; x_wconf 78' lang='grc' dir='ltr'><em>(ἄζηλος)</em></span> <span class='ocrx_word' id='word_1_232' title='bbox 809 2199 823 2236; x_wconf 84' lang='grc'><strong>,·</strong></span> <span class='ocrx_word' id='word_1_233' title='bbox 855 2185 1159 2227; x_wconf 80' lang='lat' dir='ltr'><strong>substantivum</strong></span> <span class='ocrx_word' id='word_1_234' title='bbox 1179 2184 1383 2237; x_wconf 61' lang='lat' dir='ltr'><strong>poeticum</strong></span> <span class='ocrx_word' id='word_1_235' title='bbox 1406 2184 1610 2242; x_wconf 70' lang='grc' dir='ltr'><em>ζηλοσύνῃ</em></span> 
     </span>
     <span class='ocr_line' id='line_1_30' title="bbox 273 2250 991 2306; baseline 0.003 -14"><span class='ocrx_word' id='word_1_236' title='bbox 273 2250 424 2305; x_wconf 83' lang='lat' dir='ltr'><strong>legitur</strong></span> <span class='ocrx_word' id='word_1_237' title='bbox 452 2250 494 2292; x_wconf 93' lang='lat' dir='ltr'><strong>in</strong></span> <span class='ocrx_word' id='word_1_238' title='bbox 523 2250 631 2304; x_wconf 82' lang='lat' dir='ltr'><strong>hym.</strong></span> <span class='ocrx_word' id='word_1_239' title='bbox 665 2253 742 2306; x_wconf 90' lang='lat' dir='ltr'><strong>Ap.</strong></span> <span class='ocrx_word' id='word_1_240' title='bbox 775 2253 864 2295; x_wconf 93' lang='lat' dir='ltr'><strong>Del.</strong></span> <span class='ocrx_word' id='word_1_241' title='bbox 899 2252 991 2294; x_wconf 89' lang='lat'><strong>100.</strong></span> 
     </span>
    </p>

    <p class='ocr_par' dir='ltr' id='par_1_3' title="bbox 269 2319 1612 2583">
     <span class='ocr_line' id='line_1_31' title="bbox 394 2319 1612 2374; baseline 0.005 -14"><span class='ocrx_word' id='word_1_242' title='bbox 394 2319 508 2361; x_wconf 84' lang='lat' dir='ltr'><strong>verbi</strong></span> <span class='ocrx_word' id='word_1_243' title='bbox 537 2319 702 2361; x_wconf 85' lang='grc' dir='ltr'><em>λυπέω</em></span> <span class='ocrx_word' id='word_1_244' title='bbox 734 2321 903 2374; x_wconf 88' lang='lat' dir='ltr'><strong>stirpem</strong></span> <span class='ocrx_word' id='word_1_245' title='bbox 933 2321 1136 2364; x_wconf 91' lang='lat' dir='ltr'><strong>Homerus</strong></span> <span class='ocrx_word' id='word_1_246' title='bbox 1174 2333 1255 2363; x_wconf 91' lang='lat' dir='ltr'><strong>non</strong></span> <span class='ocrx_word' id='word_1_247' title='bbox 1284 2321 1398 2363; x_wconf 89' lang='lat' dir='ltr'><strong>novit</strong></span> <span class='ocrx_word' id='word_1_248' title='bbox 1427 2325 1612 2374; x_wconf 86' lang='lat' dir='ltr'><strong>praeter-</strong></span> 
     </span>
     <span class='ocr_line' id='line_1_32' title="bbox 269 2386 1608 2449; baseline 0.001 -19"><span class='ocrx_word' id='word_1_249' title='bbox 269 2400 393 2443; x_wconf 87' lang='lat' dir='ltr'><strong>quam</strong></span> <span class='ocrx_word' id='word_1_250' title='bbox 422 2386 532 2441; x_wconf 91' lang='lat' dir='ltr'><strong>quod</strong></span> <span class='ocrx_word' id='word_1_251' title='bbox 561 2399 597 2428; x_wconf 92' lang='lat' dir='ltr'><strong>v.</strong></span> <span class='ocrx_word' id='word_1_252' title='bbox 616 2387 697 2429; x_wconf 83' lang='lat'><strong>243</strong></span> <span class='ocrx_word' id='word_1_253' title='bbox 729 2388 873 2432; x_wconf 88' lang='lat' dir='ltr'><strong>Ithaca</strong></span> <span class='ocrx_word' id='word_1_254' title='bbox 903 2389 1037 2432; x_wconf 89' lang='lat' dir='ltr'><strong>insula</strong></span> <span class='ocrx_word' id='word_1_255' title='bbox 1058 2388 1208 2431; x_wconf 88' lang='lat' dir='ltr'><strong>dicitur</strong></span> <span class='ocrx_word' id='word_1_256' title='bbox 1235 2387 1331 2430; x_wconf 74' lang='grc' dir='ltr'><em>οὐδὲ</em></span> <span class='ocrx_word' id='word_1_257' title='bbox 1350 2389 1436 2446; x_wconf 86' lang='grc' dir='ltr'><em>λίην</em></span> <span class='ocrx_word' id='word_1_258' title='bbox 1456 2390 1608 2449; x_wconf 81' lang='grc' dir='ltr'><em>λυπρὴ,</em></span> 
     </span>
     <span class='ocr_line' id='line_1_33' title="bbox 272 2455 1609 2517; baseline 0 -18"><span class='ocrx_word' id='word_1_259' title='bbox 272 2456 383 2511; x_wconf 88' lang='lat' dir='ltr'><strong>quod</strong></span> <span class='ocrx_word' id='word_1_260' title='bbox 405 2456 568 2509; x_wconf 90' lang='lat' dir='ltr'><strong>quidem</strong></span> <span class='ocrx_word' id='word_1_261' title='bbox 591 2455 838 2500; x_wconf 87' lang='lat' dir='ltr'><strong>adiectivum</strong></span> <span class='ocrx_word' id='word_1_262' title='bbox 868 2470 921 2499; x_wconf 88' lang='lat' dir='ltr'><strong>an</strong></span> <span class='ocrx_word' id='word_1_263' title='bbox 942 2457 1273 2501; x_wconf 87' lang='lat' dir='ltr'><strong>commutandum</strong></span> <span class='ocrx_word' id='word_1_264' title='bbox 1295 2458 1350 2500; x_wconf 90' lang='lat' dir='ltr'><strong>sit</strong></span> <span class='ocrx_word' id='word_1_265' title='bbox 1369 2471 1461 2501; x_wconf 88' lang='lat' dir='ltr'><strong>cum</strong></span> <span class='ocrx_word' id='word_1_266' title='bbox 1478 2459 1609 2517; x_wconf 82' lang='grc' dir='ltr'><em>λυγρὴ</em></span> 
     </span>
     <span class='ocr_line' id='line_1_34' title="bbox 276 2523 1612 2583; baseline 0.004 -16"><span class='ocrx_word' id='word_1_267' title='bbox 276 2523 427 2578; x_wconf 86' lang='lat' dir='ltr'><strong>ambigi</strong></span> <span class='ocrx_word' id='word_1_268' title='bbox 448 2526 584 2577; x_wconf 87' lang='lat' dir='ltr'><strong>potest</strong></span> <span class='ocrx_word' id='word_1_269' title='bbox 605 2523 672 2579; x_wconf 88' lang='lat' dir='ltr'><strong>(cf.</strong></span> <span class='ocrx_word' id='word_1_270' title='bbox 695 2524 967 2570; x_wconf 76' lang='lat' dir='ltr'><strong>Friedlander</strong></span> <span class='ocrx_word' id='word_1_271' title='bbox 986 2526 1013 2568; x_wconf 90' lang='lat' dir='ltr'><strong>l.</strong></span> <span class='ocrx_word' id='word_1_272' title='bbox 1034 2526 1061 2569; x_wconf 91' lang='lat' dir='ltr'><strong>l.</strong></span> <span class='ocrx_word' id='word_1_273' title='bbox 1082 2539 1121 2581; x_wconf 89' lang='lat' dir='ltr'><strong>p.</strong></span> <span class='ocrx_word' id='word_1_274' title='bbox 1140 2526 1251 2579; x_wconf 88' lang='lat'><strong>785).</strong></span> <span class='ocrx_word' id='word_1_275' title='bbox 1298 2526 1518 2572; x_wconf 88' lang='lat' dir='ltr'><strong>Sollemnia</strong></span> <span class='ocrx_word' id='word_1_276' title='bbox 1538 2541 1612 2583; x_wconf 91' lang='lat' dir='ltr'><strong>pro</strong></span> 
     </span>
    </p>
   </div>
   <div class='ocr_carea' id='block_1_3' title="bbox 277 2616 538 2624">
    <p class='ocr_par' dir='ltr' id='par_1_4' title="bbox 277 2616 538 2624">
     <span class='ocr_line' id='line_1_35' title="bbox 277 2616 538 2624; baseline 0 438"><span class='ocrx_word' id='word_1_277' title='bbox 277 2616 538 2624; x_wconf 95' lang='lat' dir='ltr'><strong> </strong></span> 
     </span>
    </p>
   </div>
   <div class='ocr_carea' id='block_1_4' title="bbox 352 2670 1478 2721">
    <p class='ocr_par' dir='ltr' id='par_1_5' title="bbox 352 2670 1478 2721">
     <span class='ocr_line' id='line_1_36' title="bbox 352 2670 1478 2721; baseline 0.004 -15"><span class='ocrx_word' id='word_1_278' title='bbox 352 2673 380 2718; x_wconf 92' lang='lat'><strong>1)</strong></span> <span class='ocrx_word' id='word_1_279' title='bbox 405 2670 459 2707; x_wconf 87' lang='lat' dir='ltr'><strong>cf.</strong></span> <span class='ocrx_word' id='word_1_280' title='bbox 484 2670 526 2707; x_wconf 89' lang='lat' dir='ltr'><strong>de</strong></span> <span class='ocrx_word' id='word_1_281' title='bbox 557 2671 624 2707; x_wconf 90' lang='lat' dir='ltr'><strong>hoc</strong></span> <span class='ocrx_word' id='word_1_282' title='bbox 647 2671 754 2707; x_wconf 88' lang='lat' dir='ltr'><strong>verbo</strong></span> <span class='ocrx_word' id='word_1_283' title='bbox 777 2673 907 2708; x_wconf 85' lang='lat' dir='ltr'><strong>Ameis.</strong></span> <span class='ocrx_word' id='word_1_284' title='bbox 932 2673 968 2708; x_wconf 92' lang='lat' dir='ltr'><strong>in</strong></span> <span class='ocrx_word' id='word_1_285' title='bbox 992 2673 1141 2721; x_wconf 87' lang='lat' dir='ltr'><strong>append.</strong></span> <span class='ocrx_word' id='word_1_286' title='bbox 1166 2673 1211 2709; x_wconf 89' lang='lat' dir='ltr'><strong>ad</strong></span> <span class='ocrx_word' id='word_1_287' title='bbox 1233 2672 1355 2720; x_wconf 87' lang='lat' dir='ltr'><strong>Odyss.</strong></span> <span class='ocrx_word' id='word_1_288' title='bbox 1380 2674 1407 2721; x_wconf 90' lang='lat'><strong>1,</strong></span> <span class='ocrx_word' id='word_1_289' title='bbox 1424 2678 1478 2714; x_wconf 89' lang='grc'><strong>49.</strong></span> 
     </span>
    </p>
   </div>
  </div>
 </body>
</html>
