1967 3062
828 213 1106 254 —21-

298 325 458 370 ἰδέσθαι
487 328 706 372 succedere
732 326 907 370 videtur.
958 326 1215 380 Quamquam
1234 327 1369 382 ipsum
1390 331 1550 370 tantum
1575 341 1639 372 se-

297 397 378 440 mel
407 397 517 451 apud
546 396 774 439 Hesiodum
814 394 966 448 legitur
996 394 1070 437 Th.
1093 394 1189 444 584,
1228 399 1271 438 et
1300 395 1455 438 dictum
1484 400 1549 439 est
1587 396 1639 440 de

297 464 400 508 artis
430 465 622 518 operibus
653 464 877 507 diademati
905 463 1119 516 insculptis
1149 463 1261 518 quod
1284 463 1550 518 Hephaestus
1579 465 1639 507 fa-

297 533 529 576 bricaverat
561 535 613 575 ad
644 532 869 576 ornandam
901 531 1084 574 mulieris
1106 531 1295 585 effigiem,
1324 546 1407 586 quo
1434 533 1525 587 ipso
1549 534 1637 576 loco

297 614 335 644 v.
367 601 445 644 581
488 601 642 645 locutio
678 599 819 654 θαῦμα
849 597 1011 640 ἰδέσθαι
1047 600 1273 653 praemissa
1301 603 1377 642 est.
1435 599 1496 643 Cf.
1527 600 1636 654 hym.

299 670 423 712 Mero.
445 670 541 711 443.
580 668 732 712 Archil.
756 668 821 720 76,
839 667 863 708 2
894 667 1074 721 Theogn.
1092 667 1158 709 25.
1205 665 1445 723 θαυμαστὸς
1480 669 1637 723 primus

296 738 424 781 habet
454 738 604 781 Simon.
627 739 676 780 A.
698 737 764 789 23,
785 736 824 777 2.

409 819 446 849 v.
478 807 733 864 περισσὸς
768 805 956 849 similiter
997 810 1122 861 atque
1151 806 1316 850 adverb.
1355 806 1526 862 πρόσσω
1564 819 1637 860 per

299 873 489 917 suffixum
527 874 758 918 derivatum
799 877 863 916 est
899 886 925 915 a
953 874 1256 928 praepositione
1297 875 1389 930 περὶ
1429 887 1512 928 qua
1547 875 1638 928 ipsa

299 942 504 986 Homerus
526 943 579 984 ad
602 939 913 996 significandam
942 942 1114 997 insignis
1145 941 1359 984 cuiusdam
1378 942 1464 984 sive
1484 943 1639 995 magni-

298 1011 452 1054 tudinis
483 1010 568 1053 sive
597 1009 876 1052 multitudinis
919 1010 1127 1053 notionem
1159 1010 1220 1052 uti
1249 1010 1474 1052 consuevit.
1532 1010 1638 1054 Nam

298 1078 428 1122 multo
455 1078 588 1121 rarius
619 1078 825 1121 invenitur
854 1077 947 1120 adv.
976 1078 1209 1133 περιώσιον.
1258 1077 1466 1121 Hesiodus
1496 1081 1538 1120 et
1566 1078 1636 1120 ad·

298 1147 490 1190 iectivum
523 1146 720 1203 περισσὸς
748 1146 874 1189 habet
904 1146 977 1188 Th.
1000 1146 1081 1188 399
1115 1150 1157 1189 et
1185 1147 1237 1190 ab
1261 1146 1339 1189 hoc
1359 1147 1528 1189 ductum
1549 1159 1637 1189 ver-

299 1217 397 1259 bum
417 1215 648 1272 περισσεύω
668 1215 736 1257 Fr.
760 1214 940 1266 CLXIX,
963 1214 1002 1256 4.
1049 1214 1109 1257 Cf.
1130 1215 1313 1258 Alcman.
1333 1215 1386 1257 83
1400 1214 1431 1269 1)
1456 1215 1635 1268 Theogn.

300 1285 380 1326 769
410 1288 453 1327 et
483 1283 603 1326 1386.

411 1365 474 1394 vv.
511 1351 760 1397 πλούσιος
805 1355 847 1394 et
883 1351 1115 1393 πλουτέω
1163 1355 1386 1404 utrumque
1433 1352 1637 1396 Homerus

297 1422 461 1475 ignorat
501 1423 666 1474 praeter
715 1420 1018 1463 substantivum
1057 1420 1233 1466 πλοῦτος
1253 1420 1528 1491 potissimum
1566 1421 1637 1464 ad-

298 1488 444 1532 iectivo
474 1488 644 1544 ἀφνειὸς
672 1500 785 1531 usus
834 1488 1045 1531 Invenitur
1073 1488 1187 1541 apud
1214 1467 1439 1530 Hesiodum
1471 1488 1638 1532 adiecti-

298 1569 392 1600 vum
430 1555 505 1611 Op.
533 1556 599 1606 22,
637 1557 807 1600 verbum
848 1555 924 1610 Op.
954 1556 1035 1599 313
1077 1568 1211 1610 neque
1248 1556 1325 1600 hoc
1365 1568 1498 1611 neque
1535 1557 1638 1600 illud

297 1625 520 1680 quidquam
561 1626 612 1668 ab
656 1632 733 1667 usu
772 1626 933 1680 vulgari
971 1624 1213 1668 differentia.
1272 1625 1333 1667 Cf.
1364 1625 1417 1668 ad
1448 1625 1638 1671 πλούσιος

294 1694 403 1747 hym.
425 1693 550 1737 Mero.
575 1694 667 1736 171.
685 1694 866 1749 Theogn.
891 1694 983 1736 188.
1001 1693 1096 1736 625.
1121 1705 1248 1748 saep„
1272 1694 1326 1736 ad
1348 1693 1529 1749 mioore'w
1554 1694 1635 1737 Sol.

296 1761 333 1813 4,
353 1762 402 1802 11
435 1764 477 1804 et
496 1761 562 1813 24,
586 1763 607 1802 1
639 1762 819 1817 Theogn.
845 1762 925 1803 146
947 1775 1058 1816 saep.

407 1841 444 1871 v.
476 1830 704 1887 πονηρὸς
732 1830 774 1872 in
794 1830 974 1874 Homero
1005 1829 1244 1879 desiderari,
1279 1829 1375 1873 licet
1403 1830 1441 1873 ei
1471 1834 1513 1873 et
1542 1831 1635 1874 sub-

296 1896 461 1938 stantiv.
500 1896 624 1943 πόνος
661 1902 704 1941 et
745 1899 857 1942 verb.
889 1900 1022 1939 πονεῖν
1062 1899 1162 1941 satis
1200 1899 1401 1941 usitatum
1437 1899 1511 1951 sit,
1553 1899 1636 1942 iam

298 1964 561 2008 Thierschius
591 1965 881 2010 animadvertit
910 1967 936 2009 1.
957 1967 984 2009 l.
1006 1967 1083 2010 sub
1104 1966 1143 2010 b.
1191 1967 1247 2009 Et
1265 1967 1359 2009 iure
1378 1966 1456 2009 hoc
1475 1967 1635 2010 mireris

295 2032 337 2074 in
367 2032 533 2076 notione
562 2033 741 2078 Homero
771 2035 874 2078 adeo
904 2035 1006 2077 trita
1036 2033 1103 2090 (cf.
1142 2047 1205 2077 vv.
1227 2035 1346 2077 Hom.
1381 2034 1637 2091 ταλαπείριος

297 2099 495 2145 πολύτλας
520 2104 562 2144 et
590 2102 711 2156 sim.).
758 2102 968 2156 Significat
1000 2103 1107 2146 enim
1140 2103 1304 2156 proprie
1335 2107 1376 2145 et
1405 2103 1633 2155 antiquitus

297 2181 388 2212 eum
418 2169 488 2223 qui
514 2169 726 2214 laboribus
756 2172 955 2216 obnoxius
987 2176 1062 2225 est,
1093 2170 1358 2216 laboriosum.
1410 2171 1548 2225 Atque
1577 2171 1635 2214 sic

296 2237 406 2290 apud
426 2237 652 2280 Hesiodum
683 2251 764 2292 quo
796 2241 976 2295 primum
996 2241 1084 2284 loco
1107 2253 1143 2282 v.
1156 2242 1365 2293 comparet
1383 2239 1451 2281 Fr.
1465 2238 1590 2289 XCV,
1608 2239 1633 2281 3

295 2303 493 2348 Hercules
535 2305 683 2349 dicitur
722 2307 1026 2366 πονηρότατος,
1065 2308 1174 2363 quod
1207 2319 1329 2350 sensu
1359 2307 1468 2350 vocis
1498 2306 1635 2348 ἐπίπο-

298 2388 368 2418 νος
395 2372 481 2415 sive
511 2371 709 2432 ὃυςτυχὴς
738 2377 1020 2432 accipiendum
1050 2389 1142 2421 esse
1163 2376 1362 2430 Aspasius
1394 2376 1554 2419 monuit
1581 2376 1636 2419 ad

387 2532 416 2578 1)
441 2533 479 2566 at
500 2530 562 2567 hie
584 2531 724 2577 quidem
747 2533 845 2570 locus
869 2535 997 2571 dubiae
1020 2533 1241 2571 auctoritatis
1264 2536 1328 2578 est,
1352 2543 1432 2569 eum
1459 2532 1497 2569 in
1519 2543 1552 2570 v.
1576 2545 1635 2568 πε-

297 2590 566 2635 pwcbu‘notam
588 2590 718 2625 veteris
741 2591 890 2627 alicuius
913 2591 1050 2628 metrici
1073 2591 1119 2627 ad
1144 2601 1292 2636 sequens
1314 2601 1345 2625 v.
1364 2589 1408 2624 αἴ
1422 2590 1535 2626 latere
1557 2601 1637 2636 pro-

296 2645 461 2682 babiliter
483 2644 672 2681 coniecerit
694 2645 878 2693 Bergkius
