1967 3062
872 247 1039 289 —24
1096 246 1159 279 —'

341 374 576 406 »maerere«
622 361 746 404 verba
785 360 1005 403 Homerica
1045 363 1143 403 sunt
1181 359 1306 417 ἁχέω,
1347 358 1584 417 ἁκαχίζομαι
1614 360 1687 412 al.,

336 444 414 486 pro
450 430 701 474 »molestiam
732 428 909 473 inferre«
945 428 1075 470 ἀνιάω
1105 431 1147 472 et
1179 427 1348 477 ἀνιάζω.
1409 427 1550 481 Atque
1579 427 1686 471 hanc

338 499 411 543 illa
445 499 711 543 vetustiorem
752 496 945 541 vocabuli
985 499 1235 551 potestatem
1274 495 1402 538 fuisse
1441 495 1531 550 ipse
1571 495 1687 540 locus

338 567 571 611 Hesiodeus
611 579 692 619 quo
732 566 909 620 primum
958 568 1071 608 extat
1116 564 1191 619 Op.
1223 564 1303 606 401
1354 566 1496 618 aperte
1535 564 1684 618 prodit.

339 636 419 679 Hic
449 635 556 678 enim
587 646 677 678 cum
709 633 837 676 frater
867 632 1038 676 fratrem
1070 633 1274 683 admonet,
1319 645 1371 675 ne
1400 631 1521 674 nimis
1552 643 1686 675 socor-

342 704 435 746 diae
463 702 689 756 indulgeat,
729 701 807 743 hoc
839 701 875 744 ei
905 701 1119 755 portendit
1159 700 1315 743 vicinos
1346 700 1498 743 victum
1529 700 1685 754 petenti

338 771 403 814 bis
433 773 475 813 et
504 773 568 812 ter
597 769 957 822 obtemperaturos
984 781 1091 821 esse,
1123 772 1211 811 tum
1242 768 1398 822 pergit:
1429 767 1477 825 ἢν
1508 766 1603 809 δ’ἔτι
1624 768 1688 808 λυ-

340 840 434 896 πῇς,
458 840 603 896 χρῆμα
630 837 706 893 μὲν
738 836 784 877 οὐ
817 837 987 895 πρήξεις
1016 836 1094 878 κτλ.
1156 836 1422 890 Reliquorum
1453 835 1689 880 testimonia

340 907 687 959 circumspicienti
729 918 809 948 non
841 907 1020 949 occurrit
1048 906 1148 947 mihi
1178 906 1388 959 antiquius
1424 906 1502 948 hoc
1530 906 1689 958 Theog-

340 974 449 1018 nidis
484 975 574 1018 loco
604 987 642 1016 v.
665 973 748 1017 593
778 985 975 1027 perquam
1006 977 1220 1028 corrupto:
1248 974 1355 1033 μῇτε
1382 975 1536 1016 κακοῖσι
1561 974 1688 1016 λυποῦ

341 1043 421 1084 κτλ.
434 1043 467 1097 1)
528 1042 753 1096 Aeschylus
795 1043 965 1085 verbum
995 1042 1070 1091 bis,
1101 1055 1248 1085 nomen
1277 1043 1493 1096 quinquies
1521 1043 1659 1086 habet.

456 1123 494 1153 v.
523 1110 798 1167 μέμφομαι
826 1111 897 1165 qui
928 1110 1081 1154 factum
1113 1111 1167 1163 sit
1188 1115 1234 1154 ut
1255 1122 1460 1164 nusquam
1481 1111 1590 1165 apud
1607 1111 1690 1155 Ho-

339 1190 509 1230 merum,
542 1182 790 1232 compareat,
835 1173 902 1221 cu'i
940 1191 1073 1232 neque
1107 1179 1379 1231 compositum
1411 1178 1690 1234 ἐπιμέμφομαι

341 1246 484 1302 (sensu
513 1244 771 1301 indignandi)
811 1245 1000 1300 ignotum
1032 1245 1088 1289 sit
1118 1248 1160 1289 et
1189 1257 1287 1301 prae
1319 1246 1470 1290 ceteris
1500 1245 1689 1302 frequen-

340 1320 430 1358 tata
459 1317 571 1358 notio
601 1316 929 1367 reprehendendi
976 1316 1043 1368 (cf.
1077 1318 1204 1358 verba
1234 1316 1392 1370 ὂψομαι,
1425 1316 1583 1368 νεικέω)
1614 1316 1688 1357 dif-

341 1380 446 1426 ficile
477 1384 541 1426 est
571 1382 698 1426 dictu.
744 1381 853 1426 Utut
882 1384 1056 1436 statues,
1089 1381 1251 1438 primus
1284 1393 1366 1437 quo
1396 1381 1565 1427 verbum
1596 1380 1689 1426 sim-

341 1453 435 1504 plex
465 1453 619 1504 legitur
649 1453 763 1494 locus
793 1453 860 1493 hic
890 1457 953 1493 est
983 1452 1235 1493 Hesiodeus:
1266 1453 1342 1504 Op.
1363 1452 1442 1492 186
1460 1452 1691 1505 μέμψονται

343 1516 467 1575 <Papa
499 1517 593 1565 τοὺς
614 1517 811 1577 χαλεποῖς
841 1517 1045 1574 βάζοντες
1072 1516 1216 1561 ἔπεσσι
1247 1518 1326 1561 κτλ.
1377 1530 1432 1562 sc.
1474 1516 1592 1562 liberi
1621 1528 1691 1573 pa-

341 1590 504 1640 rentes;
535 1600 630 1629 nam
658 1588 710 1629 de
740 1588 857 1628 malis
888 1587 1057 1640 quintae
1078 1588 1229 1630 aetatis
1251 1588 1436 1629 moribus
1458 1598 1591 1629 sermo
1613 1590 1689 1629 est.

343 1654 404 1698 Cf.
438 1654 589 1698 Archil.
623 1656 660 1706 9,
683 1655 707 1696 2
740 1655 793 1711 (Ρ)
834 1655 1064 1698 Mimnerm.
1096 1656 1160 1706 14,
1194 1655 1228 1699 5.
1263 1656 1442 1710 Theogn.
1472 1656 1566 1698 797.
1595 1655 1689 1698 873.

454 1736 492 1765 v.
525 1722 741 1781 πρηῦνω
773 1724 945 1777 eiusque
972 1723 1128 1767 familia
1160 1725 1301 1768 exulat
1329 1725 1381 1768 ab
1402 1725 1594 1778 Homero,
1626 1725 1692 1768 cui

340 1792 507 1845 quidem
546 1791 656 1834 illius
695 1791 784 1835 loco
827 1793 1026 1835 usitatum
1058 1796 1121 1836 est
1153 1793 1325 1836 verbum
1351 1792 1562 1848 μειλίσσω.
1622 1794 1692 1836 Al-

341 1864 477 1903 terum
506 1861 685 1915 primum
715 1860 870 1914 legitur
900 1862 1009 1914 apud
1040 1861 1270 1903 Hesiodum
1311 1861 1386 1915 Op.
1409 1862 1491 1903 798
1532 1862 1583 1904 de
1621 1861 1692 1903 mi-

346 1928 526 1983 tigandis
558 1928 804 1971 animalibus
844 1931 886 1971 et
931 1929 1004 1971 Th.
1029 1929 1113 1971 254
1148 1929 1199 1971 de
1231 1929 1458 1983 mitigando
1489 1930 1691 1972 undarum

342 2000 640 2049 ventorumque
671 1996 823 2039 furore.
871 1996 931 2040 Cf.
955 1997 1062 2050 hym.
1089 1998 1217 2041 Merc.
1241 1998 1336 2039 417.
1369 1997 1451 2040 Sol.
1468 1998 1507 2046 4,
1524 1998 1590 2040 38.
1676 1998 1679 2001 ’

455 2077 492 2107 v.
526 2064 762 2106 σκυλεύω
793 2068 841 2107 ut
870 2064 921 2107 ab
952 2065 1132 2109 Homero
1167 2065 1347 2109 alienum
1379 2069 1463 2116 est,
1493 2063 1553 2108 ita
1583 2065 1693 2121 apud

342 2133 517 2174 eundem
547 2132 782 2187 frequentia
815 2134 991 2176 maxime
1020 2132 1141 2177 floret
1169 2134 1346 2176 alterum
1378 2133 1567 2189 ἐναρίζω.
1610 2134 1690 2176 Ex-

342 2203 405 2243 tat
433 2201 535 2243 illud
565 2201 742 2254 primum
774 2199 889 2254 apud
920 2201 1148 2244 Hesiodum
1179 2201 1243 2244 Sc.
1270 2201 1373 2254 468,
1414 2213 1493 2244 usu
1525 2201 1692 2256 quidem

341 2268 443 2311 nihil
472 2281 496 2311 a
525 2269 685 2322 vulgari
706 2269 867 2311 ratione
889 2268 1146 2323 discrepans,
1168 2281 1313 2312 verum
1336 2273 1572 2324 suspectum
1593 2271 1692 2313 Her-

341 2349 504 2380 manno.
573 2338 629 2379 At
667 2337 863 2381 nimirum
903 2340 1017 2380 aetas
1057 2337 1180 2380 huius
1223 2338 1304 2380 loci
1333 2338 1602 2392 ponderanda
1623 2341 1695 2381 est

343 2417 425 2448 non
469 2404 530 2448 ita
568 2408 743 2449 vetusta.
807 2403 903 2448 Nisi
941 2404 1047 2448 forte
1084 2405 1126 2449 in
1166 2418 1214 2449 eo
1243 2406 1376 2461 magis
1407 2404 1694 2450 offendendum

345 2477 420 2527 est,
444 2474 554 2527 quod
578 2474 703 2518 etiam
729 2474 917 2529 proxima
943 2473 1158 2517 literarum
1175 2475 1342 2518 saecula
1362 2474 1559 2529 exemplis
1573 2475 1696 2529 plane

444 2634 473 2678 1)
497 2633 646 2668 verbum
678 2632 870 2666 λυπεῖσθαι
902 2630 1023 2666 omnes
1054 2631 1192 2668 codices
1231 2631 1352 2678 (etiam
1376 2629 1412 2666 K
1439 2635 1476 2667 et
1501 2631 1542 2678 0)
1575 2634 1697 2667 tenent

345 2693 488 2735 praeter
512 2689 548 2726 Α.
571 2689 639 2726 vid.
664 2689 798 2734 Bergk.
823 2688 860 2724 in
883 2688 963 2725 adn.
