1967 3062
261 364 521 405 observatum
553 363 634 404 iam
665 366 730 404 est
755 363 807 405 ab
829 363 1010 414 antiquis
1031 363 1312 416 grammaticis
1334 360 1401 416 (cf.
1424 361 1600 415 Hesych.

260 444 291 473 s.
322 444 359 473 v.
390 431 531 485 νόμος)
563 431 661 484 quin
692 444 717 473 a
745 431 928 485 principe
959 443 1102 473 eorum
1133 432 1386 475 Aristarcho.
1449 429 1528 481 Qui
1558 433 1606 473 ut

258 500 300 541 in
338 500 679 553 interpretatione
715 501 1008 543 vocabulorum
1048 500 1360 544 Homericorum
1398 500 1604 553 insignem

259 568 470 620 praestitit
499 568 745 620 sollertiam,
777 569 836 611 ita
866 569 916 611 de
946 569 1024 610 hoc
1053 581 1090 610 v.
1124 570 1328 621 quomodo
1359 567 1603 611 iudicaverit

260 649 309 678 ex
338 636 406 678 illo
447 637 621 690 emergit
658 637 768 689 quod
806 637 985 679 traditur
1026 637 1076 680 de
1118 650 1166 680 eo
1197 639 1239 679 in
1278 639 1363 680 vita
1394 636 1605 679 Plutarchi

259 704 308 745 cf.
341 704 483 745 Lehrs.
516 704 567 745 de
597 705 724 746 Arist.
757 705 869 746 stud.
904 705 1024 746 Hom.
1062 717 1100 757 p.
1124 705 1226 746 348:
1259 702 1519 762 Ἀρίσταρχος
1559 703 1606 744 δὲ

258 767 381 827 ᾠήθη
413 772 483 828 τὴν
513 772 702 826 εὐνομίαν
734 771 924 829 εἰρῆσθαι
956 772 1068 828 παρὰ
1098 773 1143 814 τὸ
1173 771 1219 814 εὖ
1243 771 1451 828 νέμεσθαι.
1487 772 1604 825 Legi-

258 843 327 881 tur
361 839 438 883 hoc
475 842 743 894 compositum
786 841 896 894 quod
935 853 1062 883 unum
1093 841 1274 883 Homero
1314 853 1603 884 commemora-

257 908 409 950 tionem
440 910 553 951 vocis
586 908 711 963 νόμος
739 909 889 951 inferre
919 910 1083 951 videtur
1113 909 1239 951 semel
1266 926 1295 964 ρ
1319 910 1414 951 487.
1467 910 1603 961 Atque

257 975 402 1027 infert,
445 981 492 1017 ut
521 977 657 1019 dicam
697 977 806 1030 quod
846 978 1000 1029 sentio,
1040 990 1086 1019 re
1121 989 1231 1018 vera.
1292 977 1349 1019 Et
1387 977 1492 1019 enim
1528 977 1606 1018 rei-

258 1044 409 1085 cienda
430 1048 493 1086 est
509 1045 710 1087 derivatio
731 1045 763 1099 1)
786 1046 838 1087 ad
859 1058 980 1098 quam
1003 1044 1156 1097 refugit
1175 1045 1470 1098 grammaticus
1485 1044 1606 1098 longe

257 1112 636 1162 praestantissimus
668 1125 742 1166 pro
776 1116 959 1163 tempore
990 1124 1064 1154 suo
1101 1112 1141 1152 in
1182 1124 1362 1154 errorem
1403 1124 1450 1154 eo
1487 1112 1606 1153 indu-

258 1183 349 1220 ctus
386 1179 497 1232 quod
535 1179 681 1221 falsam
725 1181 775 1222 de
817 1180 1111 1233 compositione
1152 1180 1376 1222 carminum
1419 1179 1604 1221 Homeri-

257 1258 396 1289 corum
429 1246 661 1301 opinionem
693 1247 955 1289 informatam
983 1247 1175 1289 habebat.
1209 1247 1337 1289 Nobis
1358 1246 1485 1301 igitur
1505 1258 1603 1288 num

255 1316 345 1357 iure
384 1317 436 1357 ab
476 1316 657 1357 Homero
697 1329 735 1356 v.
778 1315 903 1370 νόμος
942 1315 1224 1376 abiudicemus
1269 1328 1316 1357 eo
1363 1315 1601 1368 diligentius

255 1384 550 1437 quaerentibus
580 1383 761 1436 primum
794 1383 871 1426 hoc
907 1387 1097 1426 constare
1133 1383 1267 1425 visum
1305 1385 1369 1426 est
1407 1381 1602 1436 multipli-

256 1463 343 1492 cem
374 1451 462 1492 eius
492 1452 723 1502 usurpandi
753 1452 1007 1493 occasionem
1035 1451 1145 1503 apud
1165 1450 1279 1492 illum
1302 1450 1443 1492 datam
1462 1450 1601 1492 fuisse.

255 1517 361 1559 Nam
392 1517 627 1561 continetur
660 1531 707 1561 eo
746 1522 793 1561 ut
819 1522 961 1561 notum
1002 1521 1066 1562 est
1102 1530 1182 1561 non
1222 1517 1356 1560 solum
1399 1515 1598 1571 significa-

254 1589 322 1628 tus
352 1587 455 1639 legis
487 1587 603 1628 cuius
635 1586 786 1628 mentio
817 1585 864 1627 fit
895 1587 1005 1639 apud
1026 1586 1252 1628 Homerum
1284 1586 1314 1625 A
1337 1585 1431 1626 238.
1462 1585 1499 1625 Β
1519 1584 1600 1625 206

256 1654 370 1695 ι112
402 1653 548 1705 π403,
584 1654 654 1697 sed
687 1654 807 1696 simul
837 1654 1024 1696 notiones
1055 1653 1200 1705 moris,
1234 1665 1355 1705 usus,
1387 1656 1604 1696 consuetu-

253 1722 359 1763 dinis
392 1723 570 1763 usitatae
604 1722 697 1763 illae
732 1726 779 1763 ut
810 1726 1127 1764 consentaneum
1160 1725 1224 1763 est
1255 1721 1384 1762 multo
1414 1721 1604 1772 frequen-

252 1790 348 1833 tius.
410 1790 600 1832 Alterum
641 1789 747 1832 illud
783 1789 1193 1832 animadvertendum
1224 1801 1315 1832 esse
1351 1789 1432 1831 iam
1463 1788 1603 1831 Thier-

253 1858 391 1899 schius
422 1858 497 1899 l.1.
529 1861 614 1899 not.
641 1858 665 1898 5
706 1857 782 1899 sub
804 1869 825 1898 c
854 1857 1015 1899 monuit
1045 1868 1135 1898 esse
1164 1857 1204 1898 in
1236 1855 1431 1898 thesauro
1455 1856 1603 1898 Home·

339 1995 367 2035 1)
391 1993 455 2028 Isti
479 1992 572 2027 enim
604 1992 850 2036 compositioni
881 1992 946 2027 etsi
977 1993 1072 2037 quod
1103 1993 1148 2027 ad
1180 1992 1328 2028 formam
1359 1992 1487 2027 attinet
1517 1991 1603 2026 nihil

254 2049 345 2085 obici
370 2054 498 2094 potest,
524 2053 681 2084 attamen
706 2049 793 2083 illud
817 2049 858 2082 εὖ
884 2050 1055 2090 νέμεσθαι
1079 2050 1162 2094 quid
1187 2049 1253 2084 sibi
1276 2049 1362 2083 velit
1385 2046 1526 2082 difficile
1550 2051 1603 2081 est

254 2106 360 2141 dictu.
408 2105 455 2140 Ut
480 2106 661 2141 referatur
685 2105 730 2140 ad
760 2105 904 2140 verbum
938 2107 1111 2147 νέμεσθαι
1143 2107 1237 2151 quod
1268 2110 1322 2141 est
1344 2104 1453 2149 pasci,
1478 2103 1600 2139 dubito

253 2173 335 2197 num
361 2172 426 2207 per
448 2162 637 2206 imaginem
664 2161 773 2197 »bene
798 2163 917 2206 pasci«
944 2166 1026 2207 apte
1051 2162 1120 2198 dici
1144 2167 1252 2207 queat
1275 2173 1340 2207 pro
1367 2162 1493 2197 »vitam
1514 2161 1602 2196 bene

253 2220 470 2263 transigere«
496 2220 553 2254 vel
579 2220 689 2254 »bene
714 2229 751 2253 se
777 2229 932 2263 gerere‚«
959 2220 1051 2263 quod
1067 2220 1103 2254 in
1120 2220 1270 2255 formula
1284 2220 1398 2253 inesse
1415 2218 1601 2254 desideres.

254 2276 378 2320 Neque
403 2276 515 2320 magis
539 2277 633 2312 hunc
658 2287 798 2311 sensum
829 2280 1056 2321 extorqueas,
1089 2277 1117 2312 si
1150 2277 1361 2312 locutionem
1391 2274 1527 2310 derives
1557 2275 1601 2310 ab

253 2333 366 2368 altera
390 2333 489 2368 verbi
514 2333 770 2378 significatione
796 2344 866 2377 qua
890 2337 943 2368 est
969 2334 1087 2369 winter
1112 2344 1148 2369 se
1172 2333 1327 2378 partiri«
1359 2343 1401 2368 ac
1429 2343 1494 2377 per
1522 2344 1601 2368 con-

253 2400 403 2435 sequens
428 2394 580 2435 »tenere,
605 2390 817 2435 possidere«
860 2389 950 2424 Nam
974 2390 1178 2426 recentioris
1202 2390 1341 2425 demum
1365 2390 1443 2425 aevi
1465 2390 1495 2426 is
1518 2401 1602 2426 usus

252 2449 307 2483 vel
332 2449 463 2483 rectius
487 2448 617 2484 abusus
642 2453 695 2484 est
721 2460 789 2493 quo
824 2447 915 2482 idem
949 2447 1106 2484 absolute
1138 2452 1239 2483 notat
1272 2447 1510 2483 »domicilium
1540 2448 1601 2483 ha-

250 2505 367 2540 bere«
409 2506 570 2550 Denique
596 2506 782 2550 quominus
808 2505 920 2549 ipsam
945 2505 1121 2549 partiendi
1144 2505 1322 2541 notionem
1346 2505 1488 2540 subesse
1511 2505 1601 2540 velis

252 2562 475 2607 accipiasque
499 2575 530 2597 v.
557 2563 703 2605 εὐνομία
728 2574 793 2608 pro
818 2562 948 2596 virtute
972 2562 1060 2598 bene
1085 2563 1142 2598 vel
1167 2573 1278 2608 aeque
1306 2563 1481 2607 partiendi
1510 2563 1543 2598 h.
1568 2574 1599 2600 e.

252 2619 406 2663 iustitia,
439 2630 517 2654 cum
542 2620 652 2664 ipsius
676 2620 745 2655 loci
769 2619 948 2654 Homerici
973 2624 1046 2654 tum
1071 2620 1286 2664 reliquorum
1310 2619 1346 2653 in
1377 2619 1502 2663 quibus
1532 2631 1600 2658 vox

254 2682 352 2712 extat
377 2678 552 2711 sententia
576 2677 702 2711 obstat.
