1967 3062
793 210 1102 284 ⁸-s-

294 369 392 400 nere
430 357 471 398 in
512 357 729 410 angustius
767 356 1004 411 appendicis
1052 356 1231 410 spatium
1279 358 1431 401 reiecto
1475 358 1642 401 uberius

296 434 457 473 tantum
490 430 540 474 de
570 430 706 484 priore
738 430 942 474 disserere
975 429 1187 473 constitui.
1246 430 1475 475 Universae
1504 435 1642 475 autem

304 505 659 547 commentationis
681 517 773 548 cum
794 504 897 547 duas
917 504 992 546 has
1012 507 1153 557 partes
1174 515 1264 547 esse
1284 506 1496 558 voluerim,
1518 518 1642 548 unam

294 590 401 631 quae
431 577 482 620 de
513 578 722 620 vocabulis
753 577 927 620 alteram
957 589 1065 630 quae
1094 577 1146 620 de
1176 578 1338 631 syntaxi
1379 582 1488 633 agat,
1531 578 1643 622 illam

293 651 375 692 iam
404 651 447 693 in
476 651 687 704 publicum
719 650 850 700 mitto,
882 651 933 693 de
963 650 1125 704 syntaxi
1144 650 1248 694 alias
1269 663 1389 705 spero
1411 652 1511 695 mihi
1531 664 1643 695 occa-

294 724 450 767 sionem
482 724 721 778 disputandi
751 724 933 767 futuram
963 735 1068 767 esse.

410 798 497 840 Iam
518 810 617 841 vero
638 801 770 841 totum
792 797 869 840 hoc
890 809 1019 851 genus
1039 797 1321 851 inquisitionis
1343 799 1454 853 quod
1475 799 1516 842 in
1538 810 1642 842 com·

294 871 491 927 parandis
521 872 629 914 inter
659 884 703 914 se
724 871 973 914 carminibus
995 871 1223 915 Homericis
1251 876 1293 915 et
1314 873 1534 917 Hesiodeis
1555 886 1642 916 ver-

295 950 423 999 satur,
454 946 524 988 illa
553 946 643 999 ipsa
673 957 796 998 quam
829 946 990 987 diversa
1029 949 1201 988 utantur
1239 946 1479 990 condicione
1520 951 1645 1000 atque

295 1021 420 1063 etiam
454 1020 682 1063 elocutione
713 1024 967 1074 quantopere
997 1021 1105 1062 inter
1131 1032 1174 1063 se
1196 1020 1351 1063 distent
1371 1034 1477 1075 quae
1498 1033 1645 1064 nomen

297 1095 466 1137 Homeri
509 1108 610 1149 prae
648 1106 693 1137 se
736 1093 874 1136 ferunt
912 1094 1004 1148 quis
1046 1097 1110 1136 est
1138 1094 1262 1137 hodie
1293 1096 1390 1148 quin
1421 1094 1646 1138 concedat?

299 1168 436 1220 Quid?
468 1168 578 1223 quod
609 1168 773 1211 etiamsi
804 1167 973 1210 secretis
998 1166 1168 1222 reliquis
1191 1180 1298 1222 quae
1319 1168 1499 1211 Homero
1519 1168 1646 1222 assig-

300 1246 455 1286 nantur
485 1243 594 1285 solas
624 1235 671 1284 u't
701 1241 789 1283 fieri
811 1242 917 1283 solet
937 1240 1080 1283 Iliadis
1108 1244 1150 1283 et
1170 1241 1381 1295 Odysseae
1403 1242 1645 1295 rhapsodias

299 1317 500 1361 sermonis
530 1316 738 1359 Homerici
768 1327 952 1358 normam
990 1327 1081 1358 esse
1117 1315 1328 1368 volumus,
1369 1316 1479 1359 inter
1514 1316 1645 1370 ipsam

296 1392 404 1433 hanc
434 1394 657 1444 utramque
686 1401 910 1443 epopoeam
941 1388 1239 1442 aliquantulum
1268 1389 1469 1433 interesse
1498 1390 1569 1442 ita,
1600 1393 1647 1432 ut

299 1478 381 1508 non
413 1464 544 1507 solum
575 1465 616 1506 in
647 1464 841 1506 universa
872 1464 1069 1507 orationis
1099 1463 1422 1507 conformatione
1443 1464 1646 1518 quaedam

303 1537 576 1591 discrepantia
606 1537 826 1590 conspicua
856 1538 932 1587 sit,
972 1537 1046 1580 sed
1085 1537 1346 1580 inveniantur
1375 1537 1498 1580 etiam
1529 1549 1657 1581 vocas

297 1611 394 1654 bula
432 1611 808 1667 vocabulorumque
847 1610 1166 1665 significationes
1206 1611 1248 1653 in
1288 1611 1420 1654 altera
1459 1622 1567 1664 quae
1604 1611 1645 1653 in

297 1686 429 1728 altera
458 1698 540 1728 non
570 1685 836 1728 inveniuntur
865 1685 1021 1728 frustra
1050 1686 1091 1728 in
1130 1686 1451 1729 controversiam
1496 1698 1521 1728 a
1560 1687 1646 1740 qui-

304 1760 479 1803 busdam
510 1760 738 1813 vocatur1).
803 1759 897 1802 Non
937 1760 1064 1814 igitur
1101 1759 1270 1803 fortuito
1308 1759 1410 1802 illud
1450 1759 1646 1802 accidisse

303 1834 539 1887 putandum
570 1833 649 1875 erit
678 1833 789 1887 quod
821 1833 1017 1875 nonnulla
1045 1845 1151 1887 quae
1179 1832 1362 1875 nondum
1382 1833 1423 1874 in
1444 1832 1573 1875 Iliade
1592 1833 1647 1875 le-

306 1912 462 1962 guntur
491 1908 687 1962 leguntur
715 1910 854 1950 autem
885 1908 927 1949 in
956 1907 1153 1962 Odyssea,
1185 1907 1328 1950 eadem
1358 1919 1450 1950 cum
1488 1907 1530 1948 in
1565 1907 1648 1950 He-

304 1983 420 2025 siodo
450 1982 627 2024 redeunt
656 1984 743 2024 tum
774 1981 1027 2036 frequentius
1059 1985 1298 2035 comparent
1328 1982 1368 2023 in
1402 1981 1536 2034 poetis
1567 1981 1646 2024 ele-

303 2057 431 2111 giacis
462 2056 731 2109 iambicisque
761 2060 803 2099 et
832 2056 902 2109 qui
931 2055 995 2098 his
1025 2056 1251 2099 succedunt
1280 2055 1450 2116 melicis.
1503 2056 1646 2111 Neque

302 2131 433 2184 magis
463 2130 696 2172 mirandum
729 2132 794 2172 est
823 2130 932 2184 quod
961 2129 1084 2172 etiam
1105 2131 1234 2173 maior
1255 2134 1320 2172 est
1339 2130 1379 2172 in
1400 2119 1480 2172 hoe
1499 2142 1648 2184 genere

300 2215 497 2246 numerus
528 2215 671 2246 eorum
701 2215 808 2256 quae
837 2202 1047 2245 Hesiodus
1076 2204 1226 2256 partim
1256 2215 1349 2246 cum
1380 2203 1540 2256 hymnis
1575 2204 1647 2256 qui

389 2385 415 2429 ¹)
443 2383 486 2418 cf.
512 2383 682 2428 imprimis
708 2383 974 2420 Friedlaenderi
1006 2384 1049 2420 de
1072 2383 1251 2420 vocabulis
1273 2382 1470 2419 Homericis
1500 2393 1590 2429 quae
1613 2383 1648 2419 in

298 2441 472 2477 alterutro
505 2441 659 2476 carmine
692 2452 762 2476 non
794 2441 1018 2476 inveniuntur
1048 2441 1311 2477 dissertationes
1334 2451 1418 2486 pars
1440 2441 1557 2476 1-111
1581 2441 1648 2477 Re-

299 2498 445 2544 gimont.
480 2500 568 2536 1858
593 2498 638 2545 (I)
672 2502 708 2533 et
734 2500 820 2536 1859
847 2498 907 2543 (II.
932 2497 1011 2544 ΙΙΙ).
1059 2498 1127 2542 Qui
1157 2509 1236 2534 cum
1265 2498 1436 2544 plurimas
1466 2507 1556 2542 quae
1579 2497 1649 2534 huc

298 2559 461 2601 spectant
486 2555 743 2600 discrepantias
774 2556 818 2590 ab
844 2556 1042 2601 argumenti
1072 2556 1275 2592 diversitate
1308 2555 1526 2601 derivandas,
1558 2567 1648 2601 quae

297 2616 432 2647 restent
457 2612 554 2646 casui
578 2622 654 2646 esse
679 2611 884 2646 tribuendas
908 2611 1069 2657 affirmet,
1093 2613 1169 2658 ipse
1192 2616 1310 2649 tamen
1334 2612 1371 2648 in
1387 2612 1593 2658 quibusdam
1611 2623 1647 2649 se

296 2669 442 2706 haerere
467 2669 600 2704 fatetur
624 2669 688 2712 111,
718 2672 768 2706 15.
