1967 3062
814 233 1078 273 ..9--

277 349 476 389 vocantur
494 346 706 390 Homerici
727 346 877 400 partim
899 357 991 388 cum
1012 344 1092 387 illis
1114 345 1241 399 ipsius
1263 344 1407 387 Iliadis
1429 347 1470 386 et
1486 343 1617 398 Odys-

275 431 371 462 seae
399 420 611 472 particulis
642 420 872 463 communia
901 420 1025 462 habet
1058 431 1162 471 quas
1200 417 1369 472 reliquis
1410 418 1616 460 recentius

260 496 393 536 'natas
424 506 514 536 esse
543 506 610 535 ars
640 495 783 536 critica
817 493 1016 535 distincte
1048 493 1197 535 docuit.
1268 492 1398 542 Quam
1441 491 1492 533 ob
1531 504 1616 533 rem

273 566 351 609 hac
371 577 533 620 quoque
554 579 577 609 a
597 571 715 621 parte
735 579 816 610 non
837 578 1006 620 prorsus
1026 565 1215 609 inutilem
1235 565 1325 608 fore
1346 565 1451 608 hanc
1468 565 1615 608 disser-

274 640 469 683 tationem
499 653 580 683 non
617 641 801 694 despero.
1135 624 1141 632 ’

386 714 571 768 Denique
600 727 652 756 ne
680 715 780 756 illud
811 714 1006 757 reticeam
1036 714 1145 767 quod
1167 713 1467 767 quodammodo
1487 713 1615 756 refra-

274 788 383 842 grari
413 787 575 831 videtur
610 788 720 832 omni
759 787 854 831 huic
893 788 1198 842 disceptationi,
1239 787 1513 830 confitendum
1553 791 1616 831 est

271 863 453 917 ipsorum
483 865 706 906 carminum
730 864 1029 906 Hesiodeorum
1061 864 1337 907 condicionem
1358 863 1481 906 talem
1512 875 1614 911 esse,

273 940 320 979 ut
347 936 448 980 haec
477 950 572 980 num
604 939 749 981 merito
779 939 915 981 omnia
936 938 1009 980 uni
1029 942 1178 991 poetae
1206 938 1467 991 assignentur
1497 936 1615 978 valde

273 1012 509 1066 ambiguum
540 1012 605 1055 sit.
652 1012 830 1060 Namet
859 1013 1123 1064 antiquorum
1155 1016 1295 1053 notum
1327 1015 1391 1053 est
1420 1010 1613 1053 iudicium

272 1085 521 1128 Boeotorum
553 1084 620 1141 (cf.
642 1085 818 1127 Pausan.
851 1085 922 1137 IX,
953 1085 1018 1137 31,
1039 1085 1083 1139 4)
1116 1088 1158 1127 et
1185 1097 1327 1128 recens
1357 1084 1615 1137 Theogoniae

272 1159 404 1203 editor
445 1159 797 1214 praeclarissimus
838 1160 884 1202 F.
917 1159 965 1202 G.
997 1159 1188 1202 Welcker
1229 1158 1455 1214 (Elberfeld
1488 1158 1613 1212 1865)

271 1237 484 1286 quamtum
514 1234 591 1276 hoc
621 1246 785 1276 carmen
816 1233 941 1276 distet
970 1246 995 1275 a
1024 1235 1182 1276 ratione
1214 1234 1386 1275 alterius
1417 1234 1526 1286 quod
1556 1234 1614 1274 in-

271 1308 465 1351 scribitur
495 1307 632 1362 Opera
671 1311 713 1351 et
752 1308 848 1350 Dies
888 1311 1000 1350 recte
1038 1308 1276 1361 perstrinxit
1315 1307 1441 1361 praef.
1474 1321 1512 1360 p.
1545 1307 1611 1349 57.

273 1380 402 1423 Immo
423 1381 583 1434 longius
603 1393 823 1435 progressa
844 1381 1078 1424 criticorum
1101 1380 1305 1423 dubitatio
1327 1393 1406 1423 non
1428 1380 1614 1423 substitit

271 1455 312 1496 in
335 1455 598 1508 seiungendis
619 1456 727 1497 inter
746 1468 836 1497 sese
856 1456 1030 1507 singulis
1052 1455 1313 1506 carminibus,
1343 1468 1484 1496 verum
1513 1454 1613 1496 haec

271 1529 360 1582 ipsa
389 1528 538 1583 quibus
569 1542 618 1572 ex
647 1529 835 1583 partibus
866 1533 1054 1573 constent
1083 1542 1282 1584 quaerere
1315 1529 1396 1571 iam
1417 1541 1517 1571 ausa
1538 1532 1611 1571 est.

272 1603 340 1646 Sic
369 1603 419 1645 de
448 1603 739 1656 compositione
759 1604 1019 1656 Theogoniae
1049 1603 1182 1645 varias
1212 1607 1255 1645 et
1283 1616 1409 1657 prope
1440 1604 1547 1646 inter
1567 1616 1611 1646 se

269 1678 476 1732 oppositas
506 1678 730 1720 sententias
760 1677 933 1732 professi
963 1682 1059 1721 sunt
1078 1679 1339 1722 Thierschius
1370 1679 1410 1720 in
1441 1678 1537 1721 diss.
1579 1692 1610 1722 s,

269 1753 294 1793 1.
310 1756 352 1794 et
366 1752 548 1805 Heynius
578 1753 642 1794 vel
671 1754 741 1806 qui
772 1766 901 1806 nuper
926 1753 1048 1795 huius
1070 1753 1345 1795 coniecturam
1379 1753 1609 1795 accuratius

271 1825 447 1868 excoluit
476 1825 824 1879 disertissimeque
855 1826 1037 1869 defendit
1059 1826 1365 1869 Schoemannus
1396 1826 1463 1880 (cf.
1493 1827 1609 1879 impr.

270 1899 391 1942 huius
423 1912 560 1953 opusc.
592 1901 705 1943 acad.
728 1901 770 1942 II
800 1913 839 1953 p.
863 1900 946 1943 450
971 1912 1032 1953 sq.
1063 1904 1105 1943 et
1134 1900 1324 1944 editionis
1354 1901 1612 1953 Theogoniae

271 1974 451 2017 Berolini
473 1974 581 2017 1868
613 1975 653 2017 in
671 1976 879 2029 publicum
905 1976 1055 2019 missae
1075 1974 1203 2028 praef.
1226 1988 1265 2028 p.
1290 1975 1314 2017 8
1332 1974 1423 2029 sq.).
1456 1975 1612 2017 Eodem

270 2050 431 2092 nomine
452 2049 503 2091 de
520 2050 723 2103 Operibus
751 2055 793 2093 et
808 2051 964 2094 Diebus
987 2051 1150 2103 egregie
1166 2050 1334 2092 meritus
1354 2053 1418 2092 est
1435 2049 1611 2091 Tweste-

268 2123 359 2166 nius
375 2122 417 2164 in
433 2124 774 2167 commentatione
794 2124 933 2166 critica
957 2124 1007 2167 de
1027 2124 1104 2165 1100
1124 2123 1293 2166 Hesiodi
1308 2123 1485 2165 carmine
1502 2135 1607 2176 quae

271 2196 425 2248 prodiit
454 2196 590 2238 Kiliae
614 2197 720 2238 1815
755 2197 822 2251 (cf.
845 2211 883 2251 p.
907 2198 930 2237 7
954 2201 1052 2250 etp.
1077 2197 1131 2238 64
1147 2197 1240 2250 sq.).
1291 2180 1376 2238 N‘ec
1404 2197 1538 2237 minus
1568 2196 1610 2237 in

271 2269 397 2312 Scuto
427 2267 618 2312 Herculis
648 2271 746 2323 quin
777 2275 863 2313 tres
895 2271 957 2313 vel
986 2273 1135 2324 quator
1155 2273 1294 2324 partes
1316 2270 1499 2322 dignosci
1519 2281 1610 2322 pos*-

269 2343 350 2386 sint
378 2355 459 2385 non
489 2343 569 2385 iam
600 2345 879 2387 controversia
911 2348 975 2387 est
1003 2345 1110 2387 inter
1132 2345 1242 2386 viros
1263 2344 1344 2385 dd..
1391 2343 1452 2384 De
1482 2343 1612 2385 Theo-

271 2417 391 2470 gonia
420 2419 559 2458 autem
589 2418 698 2470 quod
729 2419 799 2460 alii
830 2418 889 2461 sic
910 2419 1107 2469 iudicant,
1139 2421 1186 2458 ut
1211 2418 1347 2470 potius
1372 2418 1612 2460 mutationi-

269 2492 347 2535 bus
385 2490 758 2545 additamentisque
798 2493 1018 2546 genuinam
1056 2492 1177 2535 huius
1217 2491 1408 2534 carminis
1438 2491 1611 2534 formam

270 2564 587 2606 contaminatam
610 2575 700 2606 esse
722 2570 929 2617 censeant,
962 2566 1004 2608 in
1024 2566 1101 2608 hoc
1122 2578 1271 2618 genere
1292 2566 1413 2607 sicuti
1432 2566 1611 2606 admiror

269 2637 475 2682 Welckeri
504 2638 794 2681 continentiam
826 2653 906 2682 non
934 2640 1107 2693 amplius
1135 2639 1445 2692 quatuordecim
1467 2651 1610 2681 versus
