1967 3062
381 830 524 874 Omnis
554 830 728 874 elocutio
757 829 959 883 siquidem
991 829 1052 873 ita
1080 834 1145 874 est
1165 834 1414 885 comparata,
1444 834 1492 874 ut
1509 843 1601 885 par-

270 901 343 943 tim
372 912 462 943 eam
492 912 518 943 a
547 898 786 943 condicione
813 898 1057 954 legibusque
1084 898 1250 954 linguae
1277 899 1421 954 quales
1441 911 1603 955 quoque

269 973 453 1022 tempore
485 971 582 1010 sunt
609 968 759 1021 partim
787 967 839 1010 ab
865 966 1000 1009 indole
1014 967 1229 1021 scriptoris
1249 967 1428 1020 pendere
1447 967 1603 1010 intelle—

247 1040 402 1091 ·gatur,
430 1035 498 1078 illo
528 1047 683 1090 genere
716 1035 796 1077 iam
827 1034 1030 1077 defunctis
1059 1034 1111 1077 de
1137 1034 1267 1078 altero
1288 1046 1422 1088 pauca
1442 1034 1603 1078 adicere

268 1105 384 1147 nobis
413 1104 540 1146 lubet.
601 1103 818 1145 Pertinent
844 1103 925 1145 hue
953 1104 995 1144 in
1024 1102 1206 1145 Hesiodo
1233 1115 1502 1155 quaecunque
1521 1106 1603 1145 ser-

267 1183 426 1215 monem
456 1170 663 1225 poeticum
692 1168 885 1212 efficiunt.
945 1169 1034 1221 Quo
1054 1181 1135 1212 non
1161 1169 1292 1212 solum
1311 1161 1603 1213 vocabulorum

267 1240 492 1294 priscorum
528 1238 879 1291 formularumque
915 1250 1128 1281 numerum
1167 1237 1282 1280 illum
1320 1236 1604 1292 frequentissi-

267 1319 377 1349 mum
406 1305 561 1350 referas
588 1318 710 1359 quem
730 1317 822 1361 cum
841 1304 1024 1348 Homero
1045 1317 1298 1349 communem
1317 1309 1458 1349 noster
1478 1309 1603 1360 poeta

266 1375 410 1427 habet,
450 1374 523 1417 sed
553 1374 677 1435 etiam
707 1385 756 1416 ex
786 1374 844 1416 eis
875 1385 982 1430 *quae
1012 1373 1064 1417 ab
1093 1372 1162 1415 illo
1198 1373 1414 1416 discedunt
1450 1373 1601 1423 multa3

268 1455 374 1497 quae
403 1442 568 1496 quidem
598 1444 739 1483 utrum
769 1441 821 1483 ab
850 1441 940 1494 ipso
968 1441 1139 1483 inventa
1169 1453 1221 1483 an
1250 1441 1417 1484 aliunde
1452 1441 1603 1484 hausta

270 1511 352 1553 sint
382 1508 598 1552 diiudicari
627 1495 783 1561 nequit?
843 1507 948 1551 Sunt
978 1510 1116 1551 autem
1145 1508 1246 1552 haec
1274 1508 1365 1563 ipsa
1384 1520 1533 1562 magna
1553 1521 1601 1552 ex

269 1581 387 1630 parte
414 1578 535 1619 istius
565 1577 696 1629 modi,
735 1579 782 1618 ut
818 1588 899 1619 non
935 1576 1014 1618 nisi
1052 1576 1197 1618 leviter
1233 1588 1281 1618 ac
1317 1576 1599 1619 tantummodo

269 1645 400 1689 forma
427 1645 480 1689 ab
509 1644 689 1688 Homero
722 1642 952 1688 deflectant.
1014 1643 1130 1696 Quae
1157 1640 1248 1698 ipga
1276 1656 1326 1687 ex
1351 1643 1601 1699 reliquorum

270 1714 391 1756 turba
419 1713 484 1756 hic
516 1713 732 1766 decerpam
747 1745 757 1765 ‚
794 1712 944 1766 quippe
975 1724 1081 1784 qgae
1110 1712 1152 1753 in
1182 1724 1308 1754 unum
1337 1711 1470 1755 locum
1509 1724 1602 1754 eon-

199 1776 212 1790 “
269 1780 368 1823 ferri
398 1781 698 1835 aliquantulum
735 1780 898 1823 intersit
937 1783 1104 1833 propter
1141 1779 1363 1822 notabilem
1399 1780 1443 1822 in
1478 1780 1537 1822 eis
1575 1792 1601 1822 a

270 1848 488 1891 Posidonio
505 1860 511 1867 ·
519 1849 772 1903 propositam
801 1848 1057 1891 sententiam.
1116 1847 1195 1899 Qui
1223 1860 1250 1890 a
1268 1848 1421 1890 Tzetza
1442 1860 1599 1901 exeges.

270 1914 312 1957 in
341 1915 458 1958 Hom.
491 1915 607 1958 Iliad.
637 1928 677 1970 p.
698 1916 725 1957 4
755 1918 797 1959 et
824 1928 863 1969 p.
888 1916 939 1956 19
980 1915 1060 1970 (ed.
1092 1914 1250 1970 Herm.)
1288 1915 1466 1958 traditur
1501 1915 1602 1958 illud

237 2041 240 2044 y
272 1982 471 2026 obiecisse
490 1984 687 2037 Hesiodo,
718 1983 827 2038 quod
856 1983 1147 2027 vocabulorum
1167 1983 1476 2026 Homericorum
1503 1995 1601 2026 non-

270 2049 382 2092 nulla
401 2051 629 2105 corruperit
644 2051 698 2106 1);
719 2052 835 2095 cuius
854 2051 915 2095 rei
937 2050 1018 2094 duo
1036 2051 1137 2094 haec
1157 2050 1385 2095 afferuntur
1401 2050 1600 2106 exempla:

264 2111 362 2158 Ἰλέα
390 2131 465 2171 pro
487 2116 618 2161 Ὀϊλέα
648 2123 773 2172 atque
803 2118 959 2176 ἥδυμον
987 2118 1303 2175 ΡῙὈ-νῆδυμονῖ)
1333 2119 1497 2162 dictum.
1547 2118 1603 2162 Et

366 2264 395 2307 1)
419 2274 453 2308 p.
469 2269 491 2302 4
515 2265 639 2311 ὥσπερ
662 2267 720 2301 καὶ
745 2265 982 2305 Ποσειδώνιος
1004 2268 1023 2300 ὁ
1043 2266 1315 2310 Ἀπολλωνιάόῂς
1343 2267 1363 2299 ὃ
1393 2267 1443 2310 τῷ
1461 2263 1603 2310 Ἡσιόδῳ

269 2318 399 2362 μέμψιν
424 2319 565 2365 ἐπάγων
590 2322 641 2362 ὡς
666 2322 963 2369 παραφθείραντί
982 2334 1082 2362 τινας
1105 2323 1175 2356 τῶν
1195 2320 1346 2368 Ὁμήρου
1377 2312 1508 2360 λέξεων
1540 2321 1601 2356 τὸν

268 2375 376 2410 Ὀϊλέα
396 2374 482 2419 Ἰλέα
507 2378 641 2413 εἰπόντι
663 2379 720 2414 καὶ
744 2381 802 2415 τὸν
828 2381 979 2426 νήδυμον
1004 2380 1137 2426 ἥδυμον
1162 2379 1217 2413 καὶ
1240 2377 1328 2413 ἄλλα
1347 2375 1603 2413 ἅττατοιαῦτα

271 2432 344 2467 κτλ.
375 2443 410 2478 p.
426 2436 485 2471 19:
509 2434 566 2468 καὶ
594 2437 658 2469 τοῦ
683 2434 922 2471 Ποσειδωνίου
955 2457 997 2464 -
1029 2436 1195 2482 λέγοντος
1226 2435 1332 2470 αὐτὸν
1364 2435 1425 2469 τὸν
1447 2433 1602 2469 Ἡσίοδον

272 2491 422 2535 ὕστερον
445 2491 637 2535 γενόμενον
663 2494 774 2527 πολλὰ
797 2495 1047 2540 παραφθεῖραι
1071 2497 1142 2529 τῶν
1162 2494 1311 2539 Ὁμήρου
1336 2493 1428 2527 ἐπῶν
1453 2493 1523 2528 κτλ.

370 2547 400 2592 2)
424 2547 518 2591 quod
546 2547 675 2593 ubique
705 2549 740 2584 in
763 2550 916 2586 Homero
946 2550 1114 2586 tuendum
1144 2559 1220 2586 esse
1249 2552 1371 2585 contra
1393 2548 1604 2584 Simonidem

270 2604 365 2640 vocis
387 2603 521 2649 ἥδυμος
549 2604 735 2641 lectionem
766 2611 894 2651 poetae
925 2608 1142 2652 ingerentem
1164 2606 1388 2643 Aristarchus
1418 2605 1606 2642 affirmavit

272 2661 317 2696 ad
340 2660 371 2695 B
387 2663 407 2697 2
430 2660 488 2706 (cf.
514 2660 747 2705 Sengebusch.
773 2664 852 2700 diss.
877 2665 980 2701 Hom.
997 2665 1016 2700 I
1039 2675 1073 2709 p.
1089 2667 1151 2702 169
1177 2667 1213 2699 et
1235 2662 1357 2700 Lehrs.
1381 2673 1416 2707 p.
1438 2664 1523 2708 152).
