1967 3062
781 250 1064 293 ..18—

248 364 314 407 54.
332 365 427 407 290.
471 365 535 408 Ad
566 378 603 408 v.
627 364 792 420 εὐνομία
828 364 877 408 cf.
908 365 1037 407 Alcm.
1060 364 1113 406 55
1148 367 1191 407 et
1221 364 1302 408 Sol.
1327 365 1365 429 4„
1386 364 1439 406 33
1479 365 1596 419 (ibid.

244 432 523 488 ν.ὃυςνομιά);
542 434 718 477 verbum
740 432 889 488 νομίζω
906 433 1062 486 primus
1077 432 1204 474 habet
1219 432 1554 486 Theogn.14l.27
1558 433 1597 475 9.

360 501 575 544 Postremo
605 501 693 544 loco
734 504 782 543 ut
811 500 865 543 ad
894 501 1119 543 Homerum
1159 500 1348 553 redeam,
1389 501 1438 543 de
1475 512 1598 543 versu

248 569 458 624 Odysseae
487 569 692 622 quomodo
727 570 988 612 statuemus?
1033 568 1285 623 Spuriumne
1306 569 1599 614 arbitrabimur

248 650 351 690 esse,
370 639 413 680 in
433 650 514 692 quo
543 637 607 681 vel
627 637 891 680 Aristarchus
923 637 1088 680 obelum
1110 639 1336 692 prudenter
1351 637 1598 682 retinuerit?

248 705 379 748 Immo
411 705 503 754 alia,
545 705 580 746 si
609 705 710 758 quid
749 705 880 757 video,
920 705 1060 747 iudicii
1092 706 1199 748 ratio
1229 707 1409 749 ineunda
1438 709 1520 758 est,
1550 718 1599 749 ea

247 773 413 824 quidem
443 785 567 826 quam
598 773 810 826 ingeniose
838 773 1014 826 praeivit
1046 774 1092 814 A.
1117 773 1396 817 Kirchhoffius
1426 774 1466 815 in
1493 774 1598 817 libro
1656 781 1665 787 '

248 840 319 894 qui
359 840 617 883 inscribitur:
656 841 734 883 Die
772 840 1026 884 homerische
1062 840 1221 894 Odysse
1258 843 1342 884 und
1379 842 1468 884 ihre
1497 842 1598 884 Ent-

247 909 438 962 stehung.
471 903 610 951 Berlin
645 909 767 951 1859.
828 908 1075 951 Continetur
1109 913 1248 952 autem
1279 909 1345 953 hic
1374 911 1487 953 locus
1518 922 1600 952 una

247 976 342 1031 (No.
366 976 420 1018 25
442 976 637 1030 cf.praef.
660 991 699 1030 p.
717 977 817 1031 XII)
857 978 1030 1020 istarum
1074 978 1374 1030 particularum
1414 990 1517 1031 quas
1547 979 1599 1022 ab

245 1045 336 1098 ipso
356 1044 653 1099 interpolatore
675 1045 949 1099 (Bearbeiter)
972 1045 1181 1100 profectas
1203 1058 1295 1089 esse
1314 1059 1351 1088 v.
1373 1047 1410 1088 d.
1435 1046 1600 1091 demon-

245 1113 397 1155 stravit
424 1111 554 1166 praef.
585 1126 625 1166 p.
659 1112 743 1156 VII
773 1126 833 1167 sq.

358 1193 397 1222 v.
429 1181 561 1238 ὀργὴ
599 1181 805 1224 Homerus
849 1182 1032 1223 nondum
1075 1183 1189 1225 novit
1218 1183 1287 1236 qui
1319 1183 1443 1225 etiam
1474 1183 1599 1226 verbo

245 1247 470 1304 ὀρέγεσθαι
501 1262 583 1291 non
613 1249 693 1291 nisi
714 1250 765 1292 de
785 1250 1016 1292 actionibus
1037 1250 1215 1302 aliquem
1237 1250 1419 1303 corporis
1442 1254 1598 1293 motum

243 1316 572 1371 significantibus
604 1318 666 1360 uti
696 1318 920 1361 consuevit.
967 1317 1074 1360 Hinc
1095 1321 1316 1372 postquam
1345 1319 1379 1360 is
1410 1330 1510 1360 usus
1531 1318 1599 1360 de-

243 1385 403 1428 rivatus
432 1389 508 1438 est,
540 1389 588 1428 ut
618 1385 727 1428 idem
759 1386 811 1428 ad
843 1387 1023 1428 animum
1055 1386 1307 1429 translatum
1337 1390 1465 1439 notet,
1506 1398 1598 1440 »ap-

243 1456 397 1508 petere,
429 1454 644 1504 studere«,
676 1453 867 1497 effectum
897 1458 961 1497 est
998 1458 1045 1496 ut
1082 1455 1364 1498 obsolescente
1407 1467 1445 1497 v.
1474 1454 1601 1509 μένος

244 1523 356 1575 quod
393 1523 436 1564 in
474 1522 619 1575 lingua
657 1526 823 1565 vetusta
860 1523 937 1565 hac
980 1524 1066 1566 vice
1097 1524 1282 1577 fungitur
1313 1523 1379 1578 (cf.
1402 1524 1600 1578 imprimis

245 1591 286 1632 N
314 1590 414 1644 634)
455 1591 508 1632 ad
545 1589 858 1644 significandum
896 1591 937 1634 id
976 1592 1084 1645 quod
1125 1595 1189 1635 est
1233 1592 1431 1634 »intentio
1462 1591 1599 1643 animi,

253 1659 459 1710 voluntas,
487 1658 673 1702 indoles«
707 1672 856 1702 novum
887 1672 923 1703 v.
956 1661 1058 1717 ὀργὴ
1090 1672 1167 1702 usu
1199 1660 1435 1713 recipiatur.
1487 1660 1600 1702 Haec

246 1726 355 1769 enim
391 1727 568 1780 pristina
606 1727 717 1770 vocis
761 1726 1004 1781 significatio
1044 1732 1107 1775 est
1154 1739 1284 1780 eaque
1322 1739 1447 1780 quam
1485 1727 1599 1769 locus

243 1795 478 1838 Hesiodeus
521 1795 596 1848 Op.
628 1795 712 1837 304
758 1799 901 1850 aperte
938 1797 1087 1850 arguit.
1155 1797 1316 1839 Dicitur
1359 1796 1440 1838 illic
1484 1795 1600 1848 piger

245 1862 400 1909 εἴκελος
429 1863 557 1921 ὀργὴν
597 1875 689 1907 esse
726 1863 831 1906 sucis
870 1865 942 1917 qui
973 1865 1113 1918 apium
1144 1865 1326 1908 laborem
1357 1867 1601 1907 consumant

243 1930 416 1974 edendo.
470 1932 608 1984 Atque
637 1944 780 1974 sanam
809 1932 915 1976 hanc
937 1946 1028 1975 esse
1047 1934 1264 1976 lectionem
1285 1945 1418 1986 neque
1439 1936 1598 1974 mutan-

242 2000 336 2042 dam
365 1999 407 2042 in
438 2000 571 2058 ὁρμὴν
602 1999 717 2043 locus
748 2000 979 2044 simillimus
1002 2002 1243 2056 comprobat
1264 2001 1334 2056 qui
1356 2003 1469 2043 extat
1486 2000 1596 2054 apud

242 2067 439 2110 Simonid.
462 2069 629 2122 Amorg.
656 2069 694 2120 7,
722 2069 770 2109 11
806 2068 930 2126 ταύτῃ
964 2070 1036 2123 (sc.
1057 2069 1269 2127 θαλάσσῃ)
1299 2069 1459 2124 μάλιστ’
1491 2066 1597 2108 ἔοικε

242 2135 407 2193 τοιαύτη
437 2137 537 2194 γυνὴ
568 2137 720 2194 ὀργῆν;
753 2135 804 2180 ef.
826 2137 868 2179 in
889 2138 977 2180 eod.
1001 2150 1124 2181 carm.
1142 2151 1179 2180 v.
1200 2139 1254 2180 42
1286 2141 1327 2180 et
1344 2138 1456 2191 Tyrt.
1476 2138 1540 2187 ll,
1558 2137 1595 2179 8.

241 2204 339 2247 Mox
369 2208 508 2247 autem
540 2205 665 2248 etiam
696 2205 827 2259 magis
857 2204 979 2248 huius
1021 2219 1057 2248 v.
1088 2219 1210 2250 usum
1245 2206 1468 2248 invaluisse
1508 2217 1594 2248 car—

241 2273 353 2315 mina
392 2273 642 2328 Theognidis
692 2272 875 2326 produnt
915 2274 981 2327 (cf.
1007 2287 1041 2316 e.
1067 2288 1105 2328 g.
1136 2275 1201 2317 98.
1229 2275 1323 2315 214.
1350 2274 1444 2315 215.
1469 2273 1595 2327 312).

241 2341 335 2383 Irae
364 2340 619 2394 significatus
649 2341 824 2394 primam
854 2340 1059 2385 invenitur
1089 2343 1200 2396 apud
1236 2341 1389 2396 Sapph.
1416 2341 1523 2394 28,1
1556 2346 1599 2386 et

243 2410 357 2462 72,2;
390 2410 548 2464 (Ursin.
573 2410 669 2464 em.)
701 2414 791 2453 tum
821 2424 886 2465 ap.
919 2411 1097 2465 Theogn.
1122 2412 1229 2454 1223
1254 2415 1297 2454 et
1318 2410 1439 2452 1301.

367 2491 403 2522 v.
435 2477 640 2535 ὄρθρος
668 2480 721 2522 ab
741 2480 921 2523 Homero
951 2480 1128 2523 alienum
1157 2493 1248 2523 esse
1268 2479 1597 2523 animadversum

238 2538 326 2594 iam
357 2551 421 2592 est
454 2560 479 2590 a
510 2547 794 2592 Schoemanno
824 2560 962 2603 opusc.
989 2549 1031 2592 II
1059 2561 1098 2602 p.
1125 2550 1203 2591 199
1235 2547 1341 2591 Adn.
1364 2548 1429 2589 77.
1476 2549 1596 2602 Apud

242 2619 470 2662 Homerum
501 2618 699 2673 temporis
728 2618 921 2660 matutini
951 2618 1062 2661 notio
1093 2618 1202 2660 inest
1232 2617 1274 2660 in
1305 2629 1342 2658 v,
1370 2616 1458 2674 ἠὼς
1485 2617 1596 2672 quod

239 2688 397 2742 pariter
427 2699 501 2740 pro
540 2686 731 2729 universo
762 2690 948 2740 tempore
990 2686 1201 2730 meridiem
1234 2686 1494 2729 antecedenti
1526 2687 1594 2742 (cf.

1949 1597 1967 1716 ”““’Ν“““
