1967 3062
886 267 1166 308 —20-

353 379 481 423 critici
513 380 776 433 consentiunt
806 378 873 433 (cf.
896 379 1084 422 Nitzsch.
1101 380 1156 430 ΙΙ,
1178 379 1272 420 222.
1303 378 1588 422 Friedlander.
1614 379 1694 421 Zw.

351 449 460 491 hom.
485 449 618 492 wort.
648 448 741 491 783.
774 447 998 492 Kirchhoff.
1024 447 1104 491 No.
1135 449 1173 489 7.
1200 446 1329 502 praef.
1352 460 1390 501 p.
1413 447 1502 501 X.);
1531 447 1703 490 verbum

355 516 491 572 ὑμνέω
506 517 669 560 omnino
687 515 816 559 deest.
861 517 987 559 Erret
1016 518 1153 558 autem
1184 516 1220 558 si
1248 517 1340 569 quis
1370 527 1537 558 causam
1570 515 1613 558 in
1633 527 1703 568 pe-

355 585 496 629 culiari
526 585 649 628 huius
679 584 866 628 vocabuli
898 581 978 627 usu
1009 584 1132 627 sitam
1163 596 1257 626 esse
1291 584 1390 627 velit
1409 595 1529 637 quem
1551 583 1705 637 optime

354 667 404 697 ex
442 653 689 697 testimoniis
730 653 997 707 antiquorum
1041 653 1099 696 sic
1137 651 1323 696 denifivit
1360 652 1623 695 Baumeister
1660 652 1703 694 in

352 721 540 776 Prolegg.
562 721 616 763 ad
636 720 745 774 hym.
768 721 887 764 Hom.
911 734 950 773 p.
970 720 1063 772 100,
1095 723 1142 762 ut
1172 720 1227 761 sit
1258 723 1402 762 cantus
1433 719 1476 762 in
1507 719 1705 763 honorem

353 788 419 831 dei
439 790 670 832 institutus.
717 789 823 832 Nam
854 789 1037 844 vulgaris
1067 788 1169 832 haec
1198 789 1309 831 vocis
1330 788 1442 832 notio
1463 792 1512 831 ut
1533 788 1707 842 pristina

351 857 491 909 fuerit,
523 860 686 900 tantum
717 858 837 900 abest
865 861 914 900 ut
943 858 1173 910 antiquitus
1202 857 1280 900 hoc
1310 869 1459 899 nomen
1490 869 1623 911 aeque
1652 856 1706 898 ad

352 937 474 968 omne
504 930 699 969 cantuum
730 938 860 979 genus
891 926 1140 980 pertinuisse
1178 937 1226 967 ac
1255 924 1341 968 fere
1371 925 1472 967 nihil
1503 925 1612 967 inter
1641 936 1705 966 vv.

353 993 490 1047 ὑμνέω
512 997 555 1036 et
577 994 696 1035 κλείω
728 994 968 1037 interfuisse
999 1007 1074 1047 pro
1106 998 1218 1037 certo
1249 994 1444 1036 affirmari
1474 994 1606 1048 possit
1636 993 1705 1048 (cf.

352 1061 537 1105 Nitzsch.
560 1062 614 1104 ad
634 1060 663 1101 29
689 1062 803 1116 429).
865 1061 993 1104 Cuius
1023 1063 1084 1105 rei
1115 1074 1208 1104 cum
1248 1062 1363 1116 origo
1393 1061 1583 1104 vocabuli
1621 1061 1707 1104 veri

352 1130 560 1173 simillime
577 1130 765 1173 ducenda
786 1143 877 1172 cum
898 1131 1159 1185 Doederh'nio
1179 1129 1332 1185 (Gloss.
1353 1130 1472 1173 Hom.
1485 1130 1517 1182 Ι,
1534 1142 1574 1183 p.
1594 1128 1706 1183 113.)

351 1211 378 1240 a
414 1199 547 1241 verbo'
583 1198 743 1254 ὑφαίνω
780 1202 868 1241 tum
907 1200 996 1253 ipse
1034 1200 1123 1242 eius
1161 1211 1262 1242 usus
1294 1198 1605 1252 antiquissimus
1637 1199 1708 1241 do-

351 1269 588 1310 cumentum
619 1270 695 1309 est.
753 1267 816 1310 De
846 1267 936 1311 loco
968 1267 1179 1322 Odysseae
1199 1280 1231 1310 s.
1253 1267 1280 1310 l.
1302 1270 1345 1311 et
1364 1267 1415 1310 de
1436 1267 1548 1321 hym.
1572 1266 1705 1322 Apoll.

351 1334 471 1388 Pyth.
492 1335 543 1375 12
574 1334 624 1377 cf.
647 1336 922 1378 Baumeister.
953 1336 980 1377 l.
1002 1336 1028 1378 l.
1081 1336 1218 1389 Atque
1249 1336 1373 1378 etiam
1404 1334 1574 1378 Hesiodi
1607 1338 1708 1378 tem-

352 1413 452 1455 pore
484 1402 721 1446 liberiorem
744 1402 871 1445 istum
895 1416 1015 1446 usum
1038 1404 1218 1447 valuisse
1239 1404 1454 1458 perspicue
1475 1416 1524 1446 ex
1547 1403 1708 1447 duobus

349 1470 414 1513 his
454 1470 556 1514 locis
597 1472 868 1526 intellegitur.
941 1472 1017 1526 Op.
1052 1473 1132 1514 662
1174 1473 1283 1526 quod
1319 1473 1408 1527 ipse
1451 1473 1503 1516 de
1533 1484 1577 1514 se
1608 1472 1709 1515 dicit

350 1543 477 1593 poeta
515 1540 674 1581 Μοῦσαι
713 1541 795 1596 γάρ
821 1542 866 1596 μ’
880 1539 1073 1588 ἐδίδαξαν
1115 1539 1354 1597 ἀθέσφατον
1387 1540 1511 1597 ὕμνον
1542 1539 1707 1589 ἀείδειν,

350 1609 392 1650 in
421 1608 500 1651 hoc
532 1621 569 1650 v.
590 1607 716 1662 ὕμνον
746 1609 832 1652 sive
864 1609 1058 1653 universe
1089 1610 1140 1653 ad
1172 1609 1410 1654 facultatem
1441 1613 1591 1663 poetae
1621 1609 1708 1652 sive

351 1676 404 1718 ad
434 1676 569 1730 ipsum
599 1677 700 1719 illud
734 1690 865 1732 genus
897 1678 1035 1731 poesis
1069 1677 1199 1721 refers
1230 1679 1340 1731 quod
1371 1679 1412 1720 in
1434 1677 1639 1731 Operibus
1666 1679 1708 1719 et

349 1746 507 1789 Diebus
554 1747 739 1789 cernitur
783 1746 886 1788 nihil
932 1746 1039 1789 illius
1093 1747 1447 1789 determinationis
1498 1745 1707 1789 continere

350 1817 537 1868 apparet.
598 1814 715 1856 Alter
745 1814 899 1868 legitur
929 1814 1003 1856 Th.
1024 1815 1122 1863 101,
1152 1815 1222 1857 ubi
1252 1818 1475 1867 utrumque
1514 1817 1556 1857 et
1597 1814 1727 1855 κλεῖα·

352 1881 571 1937 προτέρων
601 1880 838 1937 ἀνθρώπων
881 1885 923 1924 et
947 1883 1142 1937 μάκαρας
1170 1881 1297 1927 θεοὺς
1334 1887 1457 1924 cantu
1497 1882 1706 1925 celebrare

353 1949 507 1992 dicitur
537 1949 681 1995 ἀοιδὸς
709 1962 784 2002 per
813 1950 925 1992 verb.
959 1949 1106 2005 ὑμνεῖν.
1165 1951 1294 1994 Extat
1324 1954 1463 1993 autem
1494 1950 1603 2004 apud
1634 1961 1707 1992 no-

349 2022 481 2061 strum
512 2022 679 2072 poetam
711 2018 1020 2061 substantivum
1052 2018 1216 2062 omnino
1246 2022 1311 2062 ter
1341 2020 1417 2073 Op.
1436 2019 1516 2062 657
1542 2021 1584 2061 et
1610 2019 1704 2061 662.

348 2087 416 2128 Fr.
436 2085 682 2137 COXXVII,
700 2087 739 2138 2,
770 2087 942 2129 verbum
974 2087 1103 2130 octies
1134 2087 1209 2141 Op.
1229 2088 1267 2129 2.
1290 2088 1364 2130 Th.
1385 2088 1449 2128 11.
1467 2087 1534 2129 33.
1552 2087 1619 2129 37.
1636 2088 1704 2134 48,

350 2156 416 2198 51.
434 2154 500 2195 70.
523 2154 615 2195 101.
666 2154 714 2195 In
730 2153 893 2210 hymnis
909 2154 1138 2197 Homericis
1154 2166 1279 2207 quam
1295 2154 1533 2207 frequenter
1548 2158 1701 2198 utrum-

350 2237 432 2278 que
463 2224 700 2266 inveniatur
738 2234 859 2265 nemo
901 2225 964 2265 est
1005 2223 1102 2274 quin
1134 2223 1250 2265 sciat.
1310 2223 1374 2265 Ex
1403 2223 1573 2276 reliquis
1603 2223 1704 2266 satis

349 2295 414 2334 est
435 2295 597 2334 tantum
620 2290 914 2344 antiquissima
934 2290 1119 2343 exempla
1137 2291 1359 2333 adnotare:
1390 2291 1593 2345 Terpand.
1614 2292 1702 2340 1‚‘4.

347 2360 388 2412 3,
404 2361 444 2402 2.
477 2360 605 2403 Alcm.
625 2360 692 2412 36,
712 2359 750 2401 3.
783 2358 959 2402 Stesich.
978 2358 1045 2409 34,
1063 2359 1101 2400 2.

462 2428 525 2472 Ex
554 2440 726 2472 numero
757 2426 968 2471 nominum
989 2428 1283 2472 adiectivorum
1308 2427 1411 2472 haec
1431 2439 1532 2482 prae
1554 2428 1702 2473 ceteris

348 2498 738 2541 commemoratione
775 2497 901 2551 digna
931 2500 1048 2539 sunt:

459 2578 497 2607 v.
528 2563 836 2620 θαυμάσιος
881 2565 998 2608 cuius
1036 2565 1176 2620 stirpis
1216 2566 1424 2610 Homerus
1474 2566 1555 2610 duo
1599 2566 1702 2609 haec

347 2632 550 2675 vocabula
587 2633 702 2674 novit
741 2631 946 2687 θαυμάζω
985 2636 1027 2675 et
1066 2631 1219 2688 θαῦμα,
1259 2633 1303 2675 in
1341 2634 1475 2676 locum
1506 2634 1700 2676 adiectivi

347 2701 526 2745 verbalis
558 2701 712 2759 ἀγητος
742 2705 783 2745 et
813 2700 1017 2745 formulae
1049 2701 1190 2745 eadem
1220 2702 1308 2746 vice
1329 2700 1538 2757 fungentis
1560 2699 1701 2758 θαῦμα
