1967 3062
758 243 1038 286 -27—

225 359 270 400 et
310 356 559 414 accipitrem.
628 357 821 403 Excoluit
858 357 963 402 hanc
1002 357 1173 403 dicendi'
1207 357 1406 413 figuram,
1445 369 1568 412 quam

226 427 391 479 proprie
430 427 541 468 αἶνον
582 428 719 470 vocari
749 427 988 469 Ammonius
1028 428 1054 469 l.
1083 428 1109 478 l.
1150 431 1310 479 monet,
1348 427 1569 480 praecipue

227 494 494 539 Archilochus
519 496 559 550 in
589 495 730 550 epodis
755 507 804 537 ex
826 495 975 549 quibus
1000 495 1081 538 huc
1101 497 1289 549 spectant
1303 493 1353 537 fr.
1371 494 1424 536 86
1440 497 1483 537 et
1499 494 1566 537 89.

338 575 375 604 v.
395 563 513 616 βίος
540 564 650 617 apud
672 563 900 605 Homerum
911 563 943 616 1)
965 563 1125 605 nonnisi
1146 574 1220 617 pro
1248 563 1379 605 »vita«
1404 562 1566 605 dicitur.

226 631 362 685 Atque
400 631 506 675 hanc
544 632 710 684 quidem
741 630 1081 684 significationem
1114 631 1175 674 bis
1204 630 1333 674 habet
1361 630 1568 673 Hesiodus

224 699 292 741 Fr.
315 698 518 752 CLXXII,
550 701 571 741 l
595 704 638 742 et
656 700 695 741 4.
748 700 810 741 Ex
840 711 923 752 qua
953 699 1139 742 derivata
1169 701 1232 741 θεῖ
1261 698 1406 747 altera.
1437 702 1483 741 ut
1513 698 1568 740 sit

230 768 402 820 »victus‚
433 779 500 811 res
529 767 783 817 familiaris«,
813 779 920 820 quae
948 780 1030 810 non
1051 767 1182 810 solum
1202 779 1309 810 nova
1329 766 1403 809 sed
1423 767 1564 810 eadem

225 837 349 879 etiam
379 837 483 879 satis
513 836 704 889 frequens
734 839 908 889 apparet
935 836 978 878 in
1009 835 1214 890 Operibus
1244 839 1287 878 et
1316 835 1470 878 Diebus
1509 835 1564 889 (v.

225 905 291 946 31.
317 905 383 946 42.
410 904 504 947 232.
530 905 624 946 316.
653 905 748 946 577.
775 905 869 946 601.
888 904 982 946 634.
1000 904 1126 958 689.).
1171 905 1226 946 Εῖ
1257 904 1445 957 congruit
1473 916 1565 946 cum

226 972 408 1015 Hesiodo
440 971 708 1016 Archilochus
739 972 805 1022 56,
829 972 866 1014 5.
914 971 976 1015 Cf.
1009 975 1224 1026 praeterea
1254 971 1352 1014 Sim.
1376 972 1423 1014 A.
1443 973 1480 1025 7,
1497 971 1563 1014 85.

227 1040 308 1084 Sol.
333 1042 397 1093 13,
420 1042 484 1082 72.
517 1042 698 1093 Theogn.
722 1041 803 1082 228
825 1053 935 1092 saep.

338 1121 374 1151 v.
407 1107 602 1162 δαίμων
631 1120 722 1150 cum
753 1108 864 1162 apud
895 1108 1120 1151 Homerum
1158 1107 1245 1151 fere
1283 1107 1391 1150 idem
1430 1107 1567 1150 valeat

225 1177 334 1229 quod
364 1190 401 1219 v.
420 1175 522 1221 θεὸς
547 1177 724 1230 primum
756 1177 866 1230 apud
883 1177 1108 1219 Hesiodum
1130 1179 1373 1228 usurpatum
1394 1176 1566 1218 inveniri

225 1243 278 1286 ad
308 1244 607 1299 designandum
638 1247 796 1287 certum
826 1244 928 1286 illud
957 1244 1227 1287 animantium
1256 1244 1410 1298 genus,v
1449 1243 1565 1286 cuius

224 1314 342 1366 quasi
381 1313 510 1354 divisa
552 1313 801 1355 credebatur
841 1325 932 1355 esse
971 1317 1121 1355 natura
1159 1313 1267 1355 inter
1296 1313 1394 1355 deos
1424 1316 1466 1355 et
1493 1313 1563 1354 ho—

223 1382 354 1424 mines
384 1381 533 1435 cuique
564 1380 640 1424 hoc
670 1393 817 1424 nomen
844 1385 1054 1434 tamquam
1084 1381 1293 1435 proprium
1315 1380 1503 1424 convenit
1522 1380 1563 1422 in

223 1450 367 1503 lingua
397 1449 638 1502 posteriore,
670 1450 932 1492 observatum
962 1450 1045 1492 iam
1075 1453 1139 1492 est
1168 1463 1192 1492 a
1218 1449 1453 1492 Thierschio
1483 1450 1509 1491 1.
1536 1450 1562 1491 l.

226 1518 336 1561 Nota
356 1519 381 1560 9
403 1521 445 1561 θῖ
465 1531 490 1561 a
506 1517 789 1561 Schoemanno
811 1531 949 1571 opusc.
969 1518 1023 1567 ΙΙ,
1041 1518 1135 1561 318.
1168 1517 1413 1561 Continetur
1427 1521 1564 1561 autem

224 1598 329 1628 nova
359 1585 460 1628 haec
490 1587 541 1628 de
572 1586 840 1628 daemonibus
870 1586 1060 1629 doctrina
1089 1586 1167 1628 hoc
1197 1585 1377 1640 Operum
1406 1586 1496 1628 loco
1525 1598 1562 1627 v.

226 1655 304 1695 122
335 1666 418 1706 sq.;
449 1654 520 1697 ubi
551 1658 593 1696 et
623 1654 738 1708 origo
769 1658 811 1697 et
840 1654 976 1697 officia
1005 1654 1167 1697 illorum
1195 1654 1310 1697 brevi
1331 1654 1563 1697 describun-

222 1726 302 1764 tur.
362 1723 498 1774 Atque
539 1722 682 1765 eadem
721 1721 785 1764 vel
826 1727 937 1765 certe
979 1722 1122 1765 similis
1151 1723 1265 1765 notio
1295 1723 1337 1765 in
1367 1722 1563 1766 vocabulo

222 1792 355 1834 inesse
391 1791 555 1834 videtur
584 1792 658 1834 Th.
681 1793 758 1834 991
806 1792 847 1834 in
878 1792 968 1835 loco
998 1792 1067 1835 illo
1098 1792 1293 1835 additicio
1323 1793 1394 1845 qui
1423 1792 1564 1845 incipit

222 1872 247 1902 a
267 1873 304 1902 v.
327 1858 420 1901 963.
466 1859 543 1904 Hic
573 1860 681 1903 enim
711 1860 899 1903 Phaeton
929 1861 999 1913 qui
1031 1864 1154 1903 antea
1176 1873 1213 1902 v.
1236 1861 1316 1902 987
1348 1861 1480 1905 dictus
1502 1865 1565 1904 est

223 1929 327 1985 ἀνὴρ
357 1925 472 1972 θεοῖς
501 1927 734 1976 ἐπιείκελος,
766 1942 792 1970 a
811 1929 974 1971 Venere
1003 1933 1148 1981 raptus
1180 1933 1404 1981 custosque
1423 1931 1563 1983 templi

221 1996 354 2039 factus
385 2007 475 2038 esse
505 1997 686 2039 traditur
712 1997 854 2040 addita
876 1997 952 2040 hac
973 1997 1248 2051 appellatione
1268 1996 1441 2052 δαίμονα
1463 1997 1561 2039 δῖον.

221 2066 441 2107 Praeterea
470 2077 507 2106 v.
530 2068 644 2108 extat
673 2067 714 2107 in
746 2066 812 2108 Sc.
833 2066 888 2107 94
918 2078 1043 2108 sensu
1073 2067 1265 2117 numinis,
1297 2078 1416 2118 quem
1438 2066 1563 2108 etiam

220 2132 425 2175 Homerus
455 2132 580 2174 novit.
629 2131 910 2177 conferendus
928 2136 1068 2177 autem
1090 2137 1154 2177 est
1168 2133 1332 2188 Phocyl.
1352 2134 1415 2176 15.
1446 2133 1561 2176 Pind.

222 2201 283 2243 Ol.
300 2201 415 2251 XIII,
440 2201 533 2242 148.
567 2202 718 2244 Herod.
742 2203 815 2254 IX,
833 2203 899 2244 76.

333 2280 370 2310 v.
396 2267 447 2308 ὃί
453 2283 510 2326 κη
541 2269 650 2321 apud
671 2270 894 2313 Homerum
915 2274 980 2313 θεῖ
1002 2283 1140 2314 »mos«
1166 2271 1252 2314 sive
1272 2282 1418 2314 »usus«
1440 2270 1466 2311 ὃ
1481 2271 1559 2313 691

222 2353 251 2378 π
278 2337 331 2379 43
364 2349 488 2390 saep„
530 2350 579 2379 ac
608 2338 666 2380 sic
696 2339 820 2381 etiam
852 2339 963 2393 apud
994 2339 1219 2382 Hesiodum
1251 2340 1313 2383 Sc.
1337 2340 1411 2386 85;
1440 2330 1562 2393 porro

220 2405 285 2448 ius
308 2405 393 2448 sive
413 2405 571 2448 iustitia
591 2418 655 2460 ap.
675 2407 793 2450 Hom.
811 2406 941 2450 11388
965 2407 1089 2450 Τ18Ο
1113 2420 1224 2461 saep.
1242 2433 1292 2438 —
1311 2420 1375 2462 ap.
1393 2407 1560 2451 Hesiod.

315 2579 345 2624 1)
380 2576 492 2612 Extat
526 2576 614 2612 haec
645 2587 714 2612 vox
752 2578 891 2614 omnino
921 2577 1075 2614 nondum
1111 2577 1147 2613 in
1183 2576 1293 2613 Iliade
1328 2586 1417 2621 quae
1454 2576 1564 2612 solam

218 2635 347 2679 βίοτος
377 2634 523 2670 formam
553 2633 668 2678 novit,
704 2634 740 2669 in
774 2634 930 2680 Odyssea
966 2635 1039 2680 bis;
1075 2634 1249 2671 Hesiodus
1289 2633 1418 2678 septies
1455 2633 1565 2670 habet

220 2693 361 2736 βίοτος,
388 2691 504 2728 decies
526 2691 616 2734 βίος.
