1967 3062
324 344 427 387 illud
458 344 568 399 quod
599 358 647 387 ex
677 343 852 397 quodam
886 344 1158 398 etymologiae
1197 345 1330 386 studio
1371 345 1660 388 redundavisse

321 413 409 466 ipse
438 412 552 455 locus
583 424 664 465 quo
692 412 845 465 legitur
874 412 1120 455 vocabulum
1150 412 1217 454 Fr.
1236 412 1443 462 LXXVII,
1467 414 1484 453 1
1519 417 1660 465 aperte

322 480 473 534 arguit,
505 480 571 522 vix
600 478 770 522 dubium
801 482 865 522 est
893 479 991 534 quin
1027 479 1156 533 ipsius
1187 480 1318 522 nostri
1347 483 1492 533 poetae
1523 480 1659 523 inven-

323 548 424 590 tioni
460 547 682 599 debeatur,
719 547 834 589 cuius
872 559 994 600 quam
1032 547 1199 600 propria
1241 547 1295 589 sit
1332 548 1435 589 haec
1471 547 1577 590 ratio
1619 547 1660 589 in

322 614 519 668 originem
539 613 747 656 nominum
771 613 1003 668 inquirendi
1024 617 1165 657 notum
1187 618 1262 657 est.
1304 614 1493 657 Alterum
1512 628 1548 656 v.
1567 614 1659 672 ἧόυ-

318 697 411 737 μσς,
443 682 552 736 quod
581 681 679 725 olim
709 681 749 723 in
771 682 953 725 Hesiodo
983 681 1132 725 lectum
1165 694 1255 726 esse
1275 682 1519 726 Posidonius
1541 683 1658 726 testis

321 753 395 801 cst,
427 753 564 791 utrum
594 761 669 802 per
698 761 933 803 paragogen
964 749 1044 790 ἀπὸ
1076 751 1146 790 τοῦ
1171 749 1272 807 ἡδὺς
1293 762 1345 792 an
1365 762 1580 803 perperam
1600 751 1658 792 iu-

321 817 483 861 tellecto
513 816 713 861 vocabulo
735 817 953 860 Homerico
987 816 1066 857 ἀπὺ
1099 819 1168 858 τοῦ
1202 817 1382 875 νήδυμος
1404 817 1570 861 ductum
1594 818 1660 870 sit,

321 896 452 939 aeque
480 885 589 927 inter
618 884 809 938 antiquos
839 885 1131 938 grammaticos
1164 884 1229 939 (cf.
1260 885 1394 938 Etym.
1417 885 1472 927 M.
1503 897 1542 937 p.
1565 885 1659 937 420,

321 953 394 1007 47)
430 956 554 1005 atque
589 952 698 994 inter
734 953 984 995 recentiores
1025 951 1091 1006 (cf.
1123 952 1278 995 Buttm.
1310 953 1406 995 Lex.
1430 953 1470 1002 Ι,
1504 954 1582 994 179
1620 956 1661 995 et

320 1020 592 1074 Nagelsbach.
632 1020 684 1062 ad
722 1020 840 1062 Iliad.
864 1020 926 1073 11,
965 1020 1008 1075 2)
1047 1020 1327 1064 controversia
1365 1024 1440 1064 est.
1507 1021 1662 1064 Faveat

319 1089 480 1132 illorum
522 1088 750 1131 sententiae
789 1088 899 1141 quod
944 1100 1024 1130 non
1065 1089 1328 1143 singulariter
1371 1091 1503 1143 neque
1550 1090 1660 1142 apud

320 1169 446 1200 unum
477 1156 702 1199 Hesiodum
740 1155 841 1199 haec
878 1155 1010 1199 forma
1046 1156 1222 1210 legitur,
1259 1158 1330 1200 sed
1370 1158 1510 1201 eadem
1549 1161 1661 1201 extat

320 1225 360 1267 in
391 1224 500 1278 hym.
532 1223 658 1267 Merc.
680 1223 760 1265 241
796 1226 838 1266 et
858 1223 940 1265 449
972 1224 1038 1278 (cf.
1070 1224 1177 1278 hym.
1199 1224 1310 1275 XIX,
1335 1225 1386 1266 16
1417 1225 1659 1278 Baumeist.)

319 1295 362 1335 et
390 1292 482 1334 aliis
522 1291 679 1345 aliquot
716 1291 815 1333 locis
855 1303 958 1345 quos
998 1304 1035 1333 v.
1066 1304 1130 1344 ap.
1163 1292 1400 1335 Buttmann.
1431 1293 1458 1334 l.
1488 1293 1514 1334 1.
1577 1292 1658 1334 Sed

320 1363 459 1401 tamen
489 1359 664 1402 alterum
697 1362 743 1401 ut
773 1362 1005 1402 statuamus
1036 1360 1260 1414 persimilis
1290 1360 1505 1414 utriusque
1544 1373 1660 1402 voca-

320 1427 407 1469 buli
439 1440 531 1469 cum
561 1426 830 1470 conformatio
859 1431 947 1470 tum
978 1439 1078 1470 usus
1106 1428 1276 1470 inducit.

431 1496 520 1538 Iam
552 1508 648 1538 vero
680 1495 842 1550 reliqua
871 1507 977 1550 quae
1002 1495 1043 1538 in
1063 1496 1171 1538 hunc
1191 1508 1405 1539 numerum
1427 1496 1658 1540 referantur

321 1564 616 1617 indagantibus
638 1576 822 1606 seorsum
841 1565 1017 1618 primum
1039 1577 1087 1607 ea
1108 1565 1295 1617 ponenda
1316 1569 1423 1617 sunt,
1447 1566 1485 1607 in
1507 1566 1657 1619 quibus

319 1632 477 1685 epicam
507 1630 678 1674 formam
709 1643 801 1673 cum
832 1631 989 1685 vulgari
1020 1635 1312 1674 commutatam
1334 1644 1423 1675 esse
1445 1644 1569 1686 supra
1590 1634 1656 1676 ob-

319 1711 573 1742 servavimus
586 1699 631 1753 ¹)
682 1699 838 1751 Quibus
868 1699 979 1741 haud
1009 1700 1092 1742 scio
1123 1712 1174 1741 an
1197 1700 1273 1743 hoc
1294 1711 1458 1753 quoque
1478 1701 1657 1744 vocubu-

316 1768 401 1809 lum
432 1767 787 1810 adnumerandum
817 1767 891 1809 sit:
899 1746 1059 1824 ἀτμὴ
1101 1768 1173 1809 Th.
1205 1767 1286 1809 862
1328 1768 1464 1822 (Hom.
1507 1768 1655 1826 ἀϋταῂ)

317 1835 427 1889 quod
457 1840 603 1889 postea
633 1835 734 1878 abiit
762 1835 802 1876 in
834 1835 983 1889 ἀτμὸς,
1023 1836 1120 1878 licet
1148 1836 1281 1889 ipsum
1311 1849 1391 1879 non
1429 1837 1506 1879 nisi
1546 1838 1656 1891 apud

316 1903 452 1957 epicos
483 1906 595 1945 extet
626 1902 694 1956 (cf.
717 1902 874 1957 Kochly
896 1903 946 1944 ad
970 1903 1106 1954 Quint.
1131 1903 1291 1958 Smyrn.
1314 1905 1368 1957 II,
1391 1905 1503 1959 224).
1554 1906 1655 1947 Con-

323 1975 388 2012 tra
417 1970 612 2023 reliquias
643 1971 838 2023 antiquae
858 1971 1021 2024 linguae
1041 1975 1152 2014 recte
1173 1972 1247 2014 has
1269 1977 1408 2015 censet
1428 1985 1517 2015 esse
1540 1974 1655 2016 Butt-

318 2051 491 2081 mannus
522 2037 734 2081 Ausfiihrl.
767 2037 993 2081 Grammat.
1024 2039 1086 2092 II,
1117 2040 1199 2082 404
1231 2039 1298 2095 (cf.
1327 2041 1367 2093 I,
1400 2041 1522 2095 213):
1553 2041 1657 2087 δὼς

316 2108 392 2160 Op.
415 2107 496 2150 356
528 2107 772 2164 (οΐ.χρώς);
802 2106 899 2150 ibid.
923 2108 1098 2163 ἅρπαξ
1125 2108 1191 2163 (cf.
1215 2108 1353 2164 φρίξ);
1385 2110 1546 2165 γλαφὺ
1578 2110 1652 2164 Op.

322 2175 403 2219 533
434 2179 626 2220 neutrum
657 2175 850 2220 adiectivi
879 2175 1038 2232 γλαφὺς
1066 2176 1133 2231 (cf.
1155 2176 1294 2232 λιγύς).
1346 2178 1406 2219 Ad
1436 2177 1652 2222 dialectum

316 2249 454 2286 autem
486 2256 592 2298 quae
622 2247 812 2298 spectant
841 2244 988 2287 collata
1017 2249 1114 2287 sunt
1149 2245 1200 2287 ab
1233 2245 1432 2288 Ahrensio
1470 2246 1510 2287 in
1548 2259 1654 2289 com-

313 2316 437 2355 ment.
469 2325 502 2355 s.
523 2313 618 2367 l.²);
649 2316 786 2356 terrae
817 2312 1034 2356 Boeoticae
1066 2314 1232 2366 propria
1255 2313 1361 2357 ‘haec
1392 2326 1482 2357 esse
1513 2313 1654 2357 Goett-

314 2380 465 2433 lingius
496 2380 749 2432 suspicatur:
782 2380 1001 2437 γεῆυχος
1029 2380 1102 2422 Th.
1128 2381 1178 2422 15
1210 2384 1252 2423 et
1282 2381 1432 2437 εἷρέω
1463 2382 1535 2423 Th.
1558 2382 1623 2424 38.

427 2448 582 2491 Verum
621 2449 673 2492 ab
713 2448 803 2503 ipso
842 2452 966 2503 poeta
1005 2448 1101 2492 ficta
1140 2449 1332 2504 quoniam
1371 2463 1450 2492 non
1489 2450 1566 2492 nisi
1606 2463 1654 2493 ea

396 2609 425 2649 1)
448 2617 480 2641 v.
505 2617 613 2652 supra
636 2617 670 2652 p.
694 2609 733 2644 14
759 2610 795 2643 et
821 2610 873 2646 15.

396 2663 425 2708 2)
449 2673 483 2700 v.
507 2673 613 2708 supra
636 2674 670 2709 p.
688 2667 718 2702 5.
