1967 3062
718 611 1172 667 PRAEFATIO.

387 726 636 803 Carminum
667 770 774 812 quae
795 758 871 801 sub
893 757 1062 800 Hesiodi
1083 758 1246 800 nomine
1267 758 1614 802 circumferuntur

274 845 363 876 cum
384 833 611 877 Homericis
639 832 984 886 comparationem
1014 832 1121 874 sicut
1150 832 1371 886 plurimum
1401 833 1537 876 valere
1571 834 1613 877 in

274 908 463 950 universa
493 920 598 962 quae
628 911 691 950 est
721 907 772 949 de
802 910 926 959 poeta
950 907 1126 949 Ascraeo
1153 906 1437 961 disquisitione
1458 908 1613 951 dudum

272 994 297 1023 a
326 981 423 1023 viris
454 982 584 1024 doctis
612 975 872 1035 perspectum
894 984 968 1031 est,
1002 980 1061 1022 ita
1085 981 1284 1023 sermonis
1306 994 1411 1035 quae
1431 982 1486 1024 sit
1505 982 1614 1026 inter

272 1058 491 1107 utrumque
523 1060 563 1097 et
594 1055 818 1097 similitudo
849 1058 891 1097 et
921 1055 1139 1097 diversitas
1170 1055 1281 1097 haud
1303 1056 1420 1108 parvi
1440 1056 1614 1099 interest

272 1128 516 1170 examinare.
578 1130 636 1170 Ac
666 1128 890 1171 similitudo
922 1129 1089 1181 quidem
1121 1130 1313 1181 quoniam
1350 1130 1391 1171 in
1429 1130 1506 1172 hoc
1546 1142 1613 1183 ge-

271 1213 367 1244 nere
407 1205 524 1244 tanta
564 1206 638 1254 est,
678 1206 726 1244 ut
764 1215 885 1244 unam
923 1202 1008 1244 fere
1047 1203 1301 1255 eandemque
1342 1215 1541 1256 agnoscas
1570 1203 1612 1245 in

271 1278 447 1328 utroque
478 1275 711 1327 dialectum,
744 1277 1035 1318 vocabulorum
1066 1277 1318 1327 electionem,
1360 1280 1612 1318 structuram

271 1348 466 1391 orationis
494 1352 536 1391 et
556 1348 753 1392 colorem:
787 1348 976 1392 effectum
1009 1352 1073 1392 est
1103 1352 1150 1391 ut
1180 1348 1330 1391 diversi
1360 1349 1469 1402 quod
1501 1352 1613 1392 extat

270 1422 375 1463 ratio
414 1422 656 1475 plerumque
693 1422 807 1464 nulla
849 1422 991 1464 habita
1020 1422 1091 1473 sit3
1129 1423 1251 1464 immo
1293 1421 1461 1464 fuerunt
1490 1423 1612 1464 etiam

271 1495 341 1548 qui
371 1495 404 1537 si
435 1494 533 1548 quid
563 1510 587 1538 a
618 1508 805 1539 sermone
835 1495 1052 1539 Homerico
1089 1496 1283 1539 videbant
1312 1496 1488 1539 alienum
1510 1509 1611 1548 esse,

269 1568 376 1611 idem
414 1570 466 1612 ab
506 1570 685 1612 Hesiodo
726 1570 952 1612 abhorrere
990 1570 1042 1611 ad
1072 1569 1265 1621 illiusque
1305 1581 1488 1611 normam
1529 1569 1614 1611 sive

269 1635 623 1695 interpretandum
651 1646 736 1687 sive
762 1645 885 1687 etiam
907 1645 1207 1687 emendandum
1226 1656 1318 1686 esse
1334 1645 1612 1697 opinarentur.

272 1716 384 1758 Haec
419 1716 546 1770 igitur
582 1717 786 1771 siquidem
818 1721 882 1760 est
911 1717 1115 1770 quaedam
1145 1717 1252 1759 inter
1283 1721 1504 1769 utrumque
1535 1716 1614 1759 dis-

271 1791 481 1842 crepantia
513 1804 635 1844 quam
663 1793 745 1834 late
774 1795 916 1843 pateat
935 1792 1167 1845 quibusque
1184 1790 1335 1833 finibus
1353 1791 1614 1833 contineatur

270 1863 501 1915 inquirendi
542 1877 673 1918 nuper
710 1865 874 1908 demum
913 1865 1073 1907 initium
1113 1864 1268 1906 factum
1314 1867 1378 1906 est
1418 1863 1615 1906 laudabili

271 1948 396 1989 opera
425 1948 549 1988 quam
588 1939 801 1980 collocavit
830 1938 1031 1990 Iosephus
1063 1939 1387 1979 Forstemannus
1426 1950 1463 1977 v.
1495 1937 1533 1978 d.
1573 1938 1613 1978 in

271 2010 563 2055 adumbrandis
584 2012 772 2055 »dialecti
784 2012 1035 2056 Hesiodeae«
1056 2011 1314 2055 lineamentis
1326 2010 1459 2066 (Halis
1472 2009 1610 2065 1863).

271 2085 424 2139 Tetigit
453 2086 627 2129 eundem
658 2088 766 2130 hunc
796 2088 931 2131 locum
963 2088 1086 2130 etiam
1119 2087 1345 2130 Ahrensius
1375 2087 1438 2127 vir
1466 2086 1613 2128 harum

271 2172 407 2202 rerum
434 2160 843 2214 intellegentissimus
867 2163 907 2205 in
923 2162 1262 2205 commentatione
1279 2160 1329 2203 de
1347 2160 1613 2203 dialectorum

270 2229 312 2270 in
342 2228 480 2282 lyricis
505 2227 675 2272 Graecis
705 2231 903 2274 mixtione
932 2231 1088 2273 inserta
1117 2230 1221 2272 actis
1251 2232 1474 2272 conventus
1495 2228 1612 2270 XIII.

271 2302 571 2356 philologorum
594 2302 894 2348 Germanorum
917 2304 1100 2358 Gotting.
1121 2303 1227 2346 1853
1250 2315 1288 2356 p.
1306 2302 1485 2345 73—75.
1537 2302 1614 2344 Re-

272 2377 383 2430 liqua
413 2389 518 2430 quae
547 2377 627 2419 huc
658 2383 849 2430 spectant
879 2391 970 2422 cum
998 2378 1148 2421 studiis
1171 2378 1378 2420 hominum
1401 2376 1613 2419 doctorum

273 2462 400 2505 prope
433 2451 597 2494 deserta
627 2463 717 2495 esse
747 2453 1142 2502 animadvertissem,
1171 2452 1351 2506 ipse-me
1371 2451 1423 2493 ad
1445 2449 1614 2493 eandem

274 2525 379 2567 hanc
409 2524 646 2577 disputandi
676 2528 891 2570 materiem
923 2529 981 2570 sic
1012 2527 1177 2579 contuli,
1222 2529 1269 2568 ut
1308 2526 1359 2568 de
1388 2525 1615 2567 elocutione

277 2598 482 2642 Hesiodea
518 2597 594 2641 hac
635 2600 854 2654 scriptione
893 2600 1122 2644 disserendi
1165 2598 1391 2653 periculum
1437 2597 1613 2641 fecerim.
