1967 3062
816 189 1081 228 „7-

282 300 334 342 ad
364 301 573 345 scientiam
605 315 710 356 quae
740 305 805 345 est
834 300 884 344 de
913 301 1085 354 pristina
1113 301 1278 356 linguae
1309 301 1491 344 Graecae
1520 314 1615 345 con-

283 372 440 417 dicione
469 375 637 428 eiusque
666 375 952 429 progressibus
988 378 1172 428 tempore
1201 375 1428 428 posteriore
1448 375 1613 426 effectis,

283 445 535 501 disciplinam
565 449 667 491 artis
697 447 990 501 grammaticae
1022 447 1144 489 etiam
1164 459 1272 490 nunc
1291 447 1411 490 modo
1432 452 1616 501 coeptam

282 520 370 562 coli.
429 522 591 563 Etenim
621 523 756 564 omnis
785 522 950 573 linguae
987 521 1181 573 quoniam
1218 522 1484 563 mutationem
1524 533 1616 563 con-

281 596 366 636 stat
394 607 484 638 esse
513 595 746 638 continuam
785 594 868 644 ita,
910 597 958 636 ut
998 594 1119 641 unius
1156 594 1420 646 eiusdemque
1458 594 1619 637 diversa

280 668 335 710 sit
371 668 541 712 diversis
581 669 836 721 temporibus
879 668 1160 720 conformatio,
1201 668 1271 711 illa
1299 680 1374 721 per
1401 669 1613 711 literarum

281 743 443 785 saecula
472 741 815 794 quemadmodum
845 742 1051 796 gradatim
1078 742 1270 786 succedat
1288 741 1353 784 vel
1373 742 1535 784 maximi
1555 755 1615 784 re-

281 814 361 858 fert
389 816 618 859 observare.
667 815 785 867 Quod
815 815 849 856 si
878 815 976 867 quid
1005 815 1112 857 inter
1131 815 1250 876 H⁰¹¹¹7
1270 819 1312 857 et
1325 815 1422 857 Hes.
1445 815 1618 857 interest

278 888 492 940 intervalli,
523 890 633 943 quod
662 893 862 942 quantum
892 889 947 930 sit
977 889 1225 942 ignoramus,
1261 901 1498 942 comparere
1537 889 1614 931 hoc

277 962 319 1004 in
348 974 534 1005 sermone
563 962 767 1005 Hesiodeo
802 961 1064 1004 manifestum
1097 967 1172 1004 est.
1231 963 1357 1016 Atqui
1381 962 1480 1004 illud
1501 963 1616 1007 nobis

212 1061 215 1063 -
279 1035 428 1088 obtigit
457 1035 709 1078 difficultatis
735 1036 845 1089 quod
874 1036 1016 1078 nonin
1037 1048 1182 1089 prosae
1203 1035 1399 1078 orationis
1418 1036 1617 1090 scriptore

278 1108 534 1152 elaboramus
564 1110 671 1152 hanc
701 1109 867 1162 linguae
896 1110 1068 1152 formam
1095 1109 1228 1162 qualis
1250 1122 1413 1163 quoque
1433 1113 1616 1164 tempore

280 1186 343 1226 est
372 1181 458 1226 fere
486 1183 686 1237 integram
718 1183 930 1235 reddenti,
968 1195 1111 1226 verum
1140 1184 1181 1225 in
1220 1187 1343 1236 poeta
1382 1183 1498 1226 cuius
1535 1196 1616 1226 non

277 1256 407 1299 solum
444 1257 484 1299 in
525 1257 816 1309 compositione
859 1258 1077 1300 verborum
1108 1259 1383 1311 universaque
1420 1259 1616 1300 orationis

276 1333 484 1372 structura
504 1331 631 1373 multo
652 1331 783 1373 maior
808 1332 995 1374 cernitur
1014 1331 1189 1383 licentia,
1220 1331 1292 1374 sed
1313 1334 1472 1385 spectat
1492 1331 1616 1374 etiam

276 1404 329 1446 ad
349 1404 601 1458 singulorum
621 1405 917 1447 vocabulorum
942 1405 1181 1447 electionem
1205 1408 1247 1447 et
1267 1416 1386 1447 usum
1406 1405 1616 1458 proprium

275 1482 317 1520 et
331 1477 617 1520 inventionem.
662 1476 719 1520 Et
738 1481 914 1531 augetur
939 1478 1039 1520 haec
1064 1477 1280 1520 difficultas
1299 1479 1341 1519 in
1360 1483 1483 1532 poeta
1503 1479 1617 1532 epico

275 1555 322 1593 ut
350 1563 431 1593 non
452 1550 622 1594 fortuito
644 1552 844 1594 vocabula
865 1553 1041 1606 elegenti
1064 1552 1422 1609 coniungentique‚
1456 1554 1527 1595 sed
1549 1553 1617 1595 ad-

275 1624 417 1669 stricto
465 1626 587 1669 certis
635 1626 871 1681 eisdemque
920 1627 1077 1681 ubique
1114 1626 1421 1669 recurrentibus
1459 1626 1618 1669 dicendi

274 1698 459 1741 formulis
507 1703 549 1742 et
584 1700 871 1744 locutionibus.
941 1701 1122 1743 Tametsi
1164 1701 1241 1743 hae
1276 1701 1390 1753 ipsae
1424 1688 1616 1754 quoniam

276 1785 356 1815 non
388 1773 496 1816 omni
526 1776 710 1827 tempore
731 1774 898 1817 eaedem
929 1773 1045 1817 fuere
1064 1774 1276 1828 ipsiusque
1296 1773 1493 1816 sermonis
1514 1773 1619 1828 epici

275 1857 397 1898 quem
438 1858 631 1889 vocamus
662 1847 875 1890 historiam
915 1848 1121 1901 quandam
1161 1859 1251 1890 esse
1292 1847 1426 1898 dicas,
1463 1847 1505 1888 in
1541 1847 1618 1889 hac

273 1932 393 1972 quem
442 1919 576 1962 locum
613 1921 824 1964 Hesiodus
872 1922 1057 1964 obtineat
1097 1921 1211 1963 haud
1251 1932 1368 1963 secus
1408 1920 1620 1972 explorare

274 2004 423 2046 operae
451 1993 629 2045 pretium
663 1998 741 2046 est,
773 1998 897 2049 atque
926 1996 1102 2038 interest
1131 2007 1178 2037 eo
1212 1994 1342 2047 magis
1380 1993 1489 2045 quod
1524 1992 1619 2035 hinc

274 2078 368 2120 spes
398 2057 462 2109 est
490 2066 643 2120 aliquid
676 2068 780 2112 lucis
810 2081 932 2123 posse
962 2067 1118 2111 affundi
1144 2068 1196 2110 ad
1217 2066 1497 2121 quaestionem
1519 2065 1619 2108 diffi-

275 2141 391 2184 cilem
421 2153 529 2194 quae
560 2145 624 2184 est
653 2143 703 2186 de
734 2145 977 2197 cognatione
1014 2144 1213 2187 sermonis
1241 2142 1448 2186 Homerici
1477 2143 1621 2185 Hesio-

273 2215 432 2269 deique.
493 2215 628 2266 Quare
656 2217 697 2259 in
726 2218 928 2272 principio
972 2218 1078 2260 hanc
1107 2218 1213 2260 viam
1243 2218 1465 2271 ingressus,
1495 2220 1543 2259 ut
1562 2216 1621 2260 bi-

272 2289 427 2343 partita
456 2289 565 2331 omni
601 2289 879 2344 disputatione
915 2292 1092 2346 primum
1122 2303 1171 2333 ea
1201 2303 1307 2344 quae
1337 2294 1434 2332 sunt
1463 2290 1506 2332 in
1542 2290 1622 2332 elo-

275 2362 441 2407 cutione
461 2362 670 2405 Hesiodea
699 2375 806 2417 quae
835 2365 888 2407 ad
911 2376 1140 2408 sermonem
1160 2364 1373 2418 vulgarem
1397 2368 1486 2406 tum
1517 2376 1623 2418 quae

279 2437 332 2479 ad
362 2436 570 2490 poeticum
600 2437 810 2489 pertinent
838 2439 881 2481 in
915 2439 1242 2493 disquisitionem
1272 2451 1418 2481 vocare
1438 2451 1622 2490 conarer,

276 2519 370 2550 mox
400 2504 637 2559 ampliorem
668 2518 755 2549 rem
787 2520 877 2552 esse
907 2520 1031 2562 quam
1065 2519 1173 2561 quae
1202 2508 1362 2560 integra
1390 2507 1463 2549 tali
1494 2507 1623 2561 scrip-

274 2579 458 2623 tiuncula
490 2580 861 2633 comprehendatur
890 2583 1095 2634 intellexi3
1136 2582 1245 2625 unde
1274 2582 1404 2625 altero
1434 2581 1511 2625 hoc
1555 2594 1622 2636 ge-
