1967 3062
825 256 879 262 -
936 210 1102 273 44-

297 355 621 394 commemorem,
651 343 761 398 apud
783 342 1006 386 Homerum
1037 355 1248 398 equorum,
1279 344 1389 399 apud
1408 343 1632 387 Hesiodum

293 412 509 455 Musarum
539 412 748 465 epitheton
777 411 851 454 Th.
874 412 968 453 916.

406 479 656 523 Adverbium
688 480 847 536 τῆμος
875 492 967 523 cum
997 479 1107 533 apud
1130 479 1359 524 Homerum
1388 480 1541 535 ubique
1561 479 1633 524 alii

292 547 520 601 particulae
540 546 809 600 respondeat,
840 547 950 600 apud
974 547 1202 590 Hesiodum
1231 548 1420 591 absolute
1448 547 1632 602 positum

292 620 356 660 est
384 616 460 671 Op.
482 616 564 659 554
595 618 638 659 et
667 615 773 670 6683
803 614 852 659 cf.
884 615 993 670 hym.
1025 615 1151 659 Mero.
1179 615 1272 658 109.
1384 600 1402 618 Χ
1486 609 1492 613 ’

402 684 590 738 Denique
620 696 670 726 ex
698 684 836 727 verbis
865 684 1040 727 maxime
1070 684 1352 727 memorabilia
1382 688 1480 727 sunt

402 751 661 807 ἀπαυροίω
691 751 767 806 Op.
791 751 873 793 240
912 751 990 794 hoc
1028 764 1152 795 sensu
1187 751 1391 806 positum,
1429 756 1477 795 ut
1511 753 1632 806 plane

289 821 513 864 mutavisse
542 820 733 863 videatur
762 821 897 864 locum
927 832 1020 864 cum
1042 820 1167 863 verbo
1189 819 1383 876 ἐπαυρεῖν
1405 820 1491 863 sive
1511 820 1630 862 ἐπαύ-

285 887 440 944 ρεσθαι
470 889 686 932 Homerico
723 892 848 943 atque
884 889 1060 932 alterum
1098 888 1148 929 ἔλ
1161 888 1287 944 εφαί
1291 904 1321 945 ρ
1333 904 1355 928 0
1363 904 1395 944 μ
1407 904 1478 939 αι,
1518 890 1628 944 quod

289 970 382 1001 cum
411 958 522 1012 apud
541 958 766 1002 Homerum
796 970 870 1012 pro
901 960 1037 1012 etymo
1067 958 1122 1001 sit
1155 968 1253 1010 »spe
1272 969 1379 1000 vana
1398 957 1629 1011 decipere«,

289 1026 331 1068 in
361 1026 596 1080 generalem
625 1026 826 1080 perdendi
854 1026 941 1069 sive
969 1024 1191 1079 perniciem
1212 1024 1403 1067 struendi
1422 1024 1630 1068 notionem

288 1094 390 1136 abiit
418 1094 529 1148 apud
549 1093 716 1148 Hesiod.
741 1094 815 1136 Th.
835 1093 930 1145 330,
964 1093 1035 1136 ubi
1065 1093 1116 1135 de
1142 1092 1260 1135 leone
1280 1092 1436 1135 Nemeo
1458 1093 1629 1136 dicitur:

288 1160 444 1202 οἰκείων
475 1160 718 1217 ἐλεφαίρετο
749 1159 847 1217 φῦλ’
878 1158 1127 1216 ἀνθρώπων.

400 1230 461 1274 Ac
489 1242 572 1273 non
601 1230 734 1274 solum
769 1231 991 1283 vocabula,
1030 1230 1103 1274 sed
1143 1230 1266 1274 etiam
1303 1230 1531 1274 locut-iones
1570 1231 1630 1274 lo-

289 1299 524 1354 quendique
552 1299 754 1343 formulae
784 1300 904 1343 istius
935 1300 1098 1354 generis
1125 1299 1389 1343 inveniuntur
1412 1311 1519 1353 quae
1539 1299 1629 1343 iure

286 1380 361 1421 pro
392 1367 553 1410 indiciis
584 1367 881 1411 obsolescentis
910 1368 975 1411 vel
1005 1372 1117 1412 certe
1147 1369 1400 1413 senescentis
1429 1370 1628 1412 sermonis

286 1435 495 1478 Homerici
525 1435 769 1479 habeantur.
831 1436 898 1480 Sic
929 1437 1193 1480 Homericum
1230 1436 1372 1491 νόσφιν
1410 1440 1536 1490 atque
1574 1437 1630 1479 al-

287 1506 422 1546 terum
453 1501 554 1559 ἄτερ
585 1503 627 1546 in
658 1515 781 1546 unam
811 1504 917 1547 hanc
942 1503 1104 1548 dicendi
1126 1505 1325 1548 rationem
1346 1504 1497 1548 coaluit
1517 1503 1628 1545 νόσ-

287 1586 370 1626 φιν
399 1570 543 1626 ἄτερ,
575 1583 683 1624 quae
712 1575 776 1614 ter
806 1572 916 1625 apud
946 1572 1178 1615 Hesiodum
1208 1576 1323 1615 extat
1351 1572 1512 1626 Op.91.
1534 1573 1627 1614 113.

288 1638 353 1682 Sc.
378 1639 443 1681 15.
494 1638 581 1682 Nec
609 1639 744 1682 minus
774 1638 999 1692 simplicem
1029 1639 1246 1683 formulam
1268 1640 1528 1683 Homericam
1555 1639 1628 1698 βίη

278 1704 515 1764 Ἡρακληείη
545 1707 695 1750 mirum
724 1707 767 1750 in
795 1708 961 1752 modum
987 1707 1253 1763 exaggeravit
1272 1707 1478 1752 Hesiodus
1501 1709 1629 1752 abun-

283 1778 431 1820 danter
458 1789 556 1819 voce
571 1775 613 1821 ἲς
631 1776 870 1828 praemissa,
902 1781 949 1820 ut
972 1777 1049 1820 hoc
1073 1780 1303 1820 monstrum
1323 1776 1515 1821 dictionis
1534 1791 1629 1832 pro-

283 1843 424 1895 dierit:
456 1842 498 1890 ἴς
528 1867 584 1874 -
611 1842 733 1901 βίης
754 1841 1091 1902 Ἡρακληείης
1119 1844 1191 1887 Th.
1218 1845 1313 1887 532.

394 1911 488 1954 Alia
508 1924 601 1955 cum
621 1916 812 1955 accurate
834 1912 887 1955 ad
908 1914 1120 1967 exemplar
1144 1913 1313 1956 Homeri
1334 1926 1528 1967 expressa
1546 1914 1630 1957 sint

282 1992 361 2023 usu
391 1979 598 2023 differunt.
660 1980 846 2024 Pertinet
873 1981 953 2024 huc
982 1981 1157 2025 formula
1188 1981 1335 2023 τέκνα
1365 1981 1533 2024 θεάων
1563 1983 1627 2027 bis

281 2048 392 2103 apud
417 2048 643 2092 Hesiodum
675 2049 767 2103 (Th.
785 2049 867 2090 240
882 2053 924 2092 et
939 2050 1038 2105 366)
1068 2051 1147 2094 isto
1182 2050 1304 2094 modo
1337 2056 1549 2105 usurpata,
1582 2056 1630 2095 ut

281 2118 502 2160 obscurata
531 2117 701 2172 propria
729 2117 770 2159 vi
799 2116 885 2160 fere
914 2118 1022 2161 idem
1052 2131 1143 2162 eam
1163 2119 1305 2163 valere
1327 2120 1437 2174 quod
1457 2121 1627 2174 simplex

280 2183 374 2226 θεαὶ
403 2197 428 2227 a
448 2184 701 2239 Goettlingio
722 2189 836 2229 recte
855 2185 1192 2230 animadversum
1213 2188 1268 2230 sit
1287 2187 1342 2230 ad
1362 2187 1435 2230 Th.
1454 2188 1548 2229 240.
1571 2212 1627 2218 —-

278 2252 408 2296 Porro
437 2252 547 2305 quod
565 2252 638 2296 Th.
658 2253 743 2295 284
767 2252 972 2306 Pegasum
1004 2254 1056 2297 ad
1089 2256 1227 2299 sedem
1249 2254 1418 2298 deorum
1439 2267 1629 2299 ascensu-

283 2333 377 2363 rum
410 2324 567 2363 terram
599 2321 831 2365 deseruisse
852 2326 1058 2375 narratur,
1086 2322 1185 2366 huic
1207 2327 1521 2376 cognomentum
1538 2324 1626 2382 μή·

279 2404 332 2446 τη
340 2405 369 2445 ρ
393 2389 534 2447 μήλω
552 2404 571 2429 ν
591 2389 768 2432 inditum
789 2390 1035 2443 interpretes
1059 2394 1192 2434 vexat.
1242 2391 1297 2433 Et
1319 2403 1418 2435 sane
1438 2392 1566 2435 mirus
1586 2392 1627 2435 in

278 2458 357 2501 hoc
387 2457 569 2501 cernitur
598 2458 754 2501 abusus
781 2457 983 2502 formulae
1004 2459 1250 2503 Homericae
1272 2470 1395 2512 quam
1415 2459 1524 2512 apud
1545 2460 1627 2503 Ho-

278 2539 436 2570 merum
466 2530 630 2570 tantum
660 2526 701 2569 in
732 2526 856 2569 terris
899 2526 951 2569 ob
990 2539 1185 2580 pecorum
1225 2527 1529 2571 multitudinem
1567 2528 1627 2571 in-

277 2595 463 2650 signibus
491 2593 804 2638 locum'tenere
833 2594 948 2637 velut
981 2595 1098 2639 Itone
1130 2607 1178 2637 ac
1206 2594 1358 2637 Phthia
1386 2595 1429 2637 in
1455 2595 1626 2639 Thessa-

275 2664 344 2712 lia,
372 2663 485 2717 Pylo,
517 2662 691 2706 Thracia
720 2663 756 2704 B
774 2663 855 2704 696
885 2663 999 2704 1475
1045 2663 1077 2704 Λ
1096 2663 1176 2704 222
1208 2679 1230 2703 ο
1247 2663 1328 2704 226
1347 2666 1459 2706 recte
1479 2662 1627 2707 Schoe-
