1967 3062
878 179 1146 220 -10-

337 290 592 344 damnantis,
623 293 681 334 ita
710 293 819 335 iusto
850 292 1011 346 longius
1043 295 1239 347 evagatos
1273 293 1390 337 video
1421 292 1584 336 criticos
1612 305 1682 337 eos

337 366 407 418 qui
437 366 649 408 divisionis
679 366 912 419 strophicae
944 378 1068 418 quam
1096 366 1314 419 pristinam
1345 366 1471 409 fuisse
1490 367 1532 408 in
1553 367 1683 410 Theo-

337 438 461 492 gonia
490 442 610 482 acute
639 438 906 493 suspicantur
934 437 1045 481 illius
1078 439 1360 483 restituendae
1381 438 1606 493 periculum
1628 438 1682 483 fe—

339 515 496 555 cerunt.
547 513 686 567 Atque
715 513 815 555 item
844 513 886 555 in
917 512 1120 566 Operibus
1150 515 1192 554 et
1216 513 1265 554 D.
1297 513 1379 556 duo
1410 513 1683 567 corruptionis

337 597 490 640 genera
519 585 598 629 sibi
618 584 942 640 deprehendisse
962 586 1074 629 visus
1095 589 1159 629 est
1178 585 1376 630 Lehrsius
1395 591 1554 640 quaest.
1579 587 1680 642 epic.

335 672 374 713 p.
393 659 474 700 212
490 671 551 713 sq.
574 671 701 702 unum
732 660 841 714 quod
871 660 912 701 in
944 659 1106 714 duplice
1127 659 1310 725 eiusdem
1337 661 1415 704 loci
1435 661 1683 714 recensione,

336 733 512 775 alterum
544 734 655 786 quod
688 734 730 776 in
760 734 1076 787 interpolatione
1107 734 1302 776 cernitur.
1364 735 1412 776 In
1453 736 1530 778 hac
1559 736 1684 789 igitur

336 806 518 848 virorum
566 806 635 849 dd.
676 807 931 850 dissensione
983 819 1035 849 ne
1073 807 1165 859 quis
1201 820 1282 850 non
1322 808 1444 852 modo
1485 810 1684 853 sermonis

337 882 410 923 sed
439 881 570 933 ipsius
600 882 738 934 poesis
769 881 1005 924 Hesiodeae
1034 893 1182 923 nomen
1212 893 1260 924 ac
1289 883 1527 924 memoriam
1557 883 1684 926 deleri

337 957 380 996 et
409 953 582 1008 proinde
611 954 835 998 utilitatem
865 955 988 998 huius
1019 954 1318 998 dissertationis
1350 967 1510 998 omnem
1539 956 1685 1000 collabi

337 1029 563 1071 existimet:
593 1042 771 1083 provoco
801 1030 853 1071 ad
883 1030 1065 1083 ipsorum
1092 1042 1155 1071 vv.
1190 1029 1256 1071 dd.
1296 1030 1585 1073 auctoritatem
1614 1031 1685 1084 qui

335 1102 542 1156 principes
582 1102 765 1145 criticam
806 1102 912 1146 hanc
950 1102 1151 1145 rationem
1193 1102 1247 1145 ad
1287 1102 1513 1146 Hesiodum
1552 1107 1686 1147 trans-

336 1176 548 1219 ferendam
569 1189 661 1219 esse
680 1178 1067 1229 pronunciaverunt.
1116 1177 1220 1218 Nam
1242 1177 1504 1219 Thierschius
1521 1178 1684 1229 quidem

336 1249 542 1302 quomodo
573 1250 748 1293 sentiret
776 1250 866 1304 ipse
896 1262 972 1293 suo
1002 1250 1187 1303 exemplo
1218 1249 1572 1304 demonstravitl).
1626 1252 1686 1293 Ac

336 1323 594 1365 Twestenius
625 1322 724 1365 dum
755 1324 945 1377 queritur
979 1324 1021 1365 in
1051 1335 1195 1366 comm.
1225 1335 1257 1365 s.
1287 1322 1313 1364 l.
1339 1335 1379 1377 p.
1410 1326 1432 1364 7
1468 1323 1572 1366 »sibi
1601 1323 1687 1367 veri

337 1397 610 1450 cognoscendi
642 1398 715 1450 (sc.
737 1399 779 1439 in
802 1397 1076 1439 diiudicandis
1099 1397 1272 1449 singulis
1294 1397 1561 1450 carminibus)
1592 1410 1687 1440 eum

336 1469 607 1512 interclusum
641 1481 733 1514 esse
764 1470 921 1513 aditum
951 1471 1022 1526 qui
1053 1469 1248 1514 orationis
1286 1469 1525 1514 diversitate
1564 1481 1687 1525 saepe

337 1546 534 1598 aperitur.
581 1546 738 1597 Quae«,
772 1547 919 1598 inquit,
956 1551 1137 1598 »quanta
1168 1558 1258 1588 esse
1287 1548 1426 1599 potest
1454 1545 1496 1586 in
1525 1545 1576 1586 iis
1601 1557 1688 1586 car-

338 1618 516 1661 minibus
547 1631 653 1672 quae
683 1622 757 1661 aut
786 1619 861 1661 uni
892 1619 1052 1661 auctori
1083 1618 1304 1662 tribuenda
1328 1620 1426 1661 sunt
1446 1619 1532 1660 sive
1553 1616 1689 1674 ἀοιδῷ

337 1693 424 1736 sive
454 1692 608 1733 ἀοιδῶν
638 1693 802 1736 scholae
831 1697 904 1736 aut
934 1697 1046 1736 certe
1075 1706 1156 1736 non
1186 1693 1247 1735 ita
1275 1692 1435 1746 magnis
1458 1695 1687 1745 temporum

339 1765 570 1808 intervallis
591 1765 836 1808 disiunctam
856 1766 1095 1809 habuerunt
1115 1765 1356 1819 originem«.
1402 1765 1488 1807 Nos
1509 1764 1689 1807 editione

338 1837 581 1891 Goettlingii
621 1839 754 1882 altera
785 1839 914 1893 (LipS.
944 1839 1070 1893 1843)
1118 1852 1192 1892 pro
1237 1839 1504 1883 fundamento
1540 1839 1583 1881 in
1611 1839 1690 1882 hac

339 1912 563 1968 scriptione
593 1912 659 1954 usi
689 1912 768 1954 etsi
797 1924 878 1954 non
910 1911 1031 1966 plane
1052 1913 1404 1967 praetermisimus
1425 1912 1566 1966 spuria
1586 1915 1688 1955 atta·

339 2000 432 2030 men
474 1987 707 2029 cautionem
748 1998 951 2028 summam
981 1987 1022 2028 in
1053 1999 1101 2028 eo
1141 1986 1417 2030 adhibendam
1457 1998 1548 2028 esse
1584 1987 1690 2029 arbi-

337 2059 439 2102 trati
460 2071 615 2112 sumus,
646 2062 695 2102 ut
726 2070 808 2101 non
831 2057 1045 2112 aequalem
1067 2059 1257 2103 omnibus
1276 2059 1378 2102 locis
1400 2058 1689 2103 auctoritatem

342 2127 635 2176 tribueremus.¹
678 2133 885 2176 Nimirum
915 2133 1022 2175 hanc
1052 2136 1095 2175 et
1114 2132 1321 2176 licentiam
1341 2136 1384 2177 et
1402 2133 1689 2176 necessitatem

336 2207 463 2251 huius
493 2206 794 2262 disquisitionis
825 2218 918 2250 esse
951 2206 1070 2250 nobis
1100 2219 1344 2262 persuasum
1375 2209 1452 2259 est,
1483 2209 1531 2249 ut
1557 2217 1692 2260 neque

336 2283 516 2336 pendeat
545 2295 594 2325 ea
625 2283 677 2325 ab
707 2281 950 2334 opinionum
980 2282 1061 2324 huc
1082 2281 1179 2325 illuc
1200 2280 1499 2324 discedentium
1519 2279 1689 2323 fluctua-

340 2357 452 2400 tione
482 2368 617 2411 neque
648 2354 845 2410 ponderis
870 2357 1035 2397 tantum
1063 2354 1238 2406 habeat,
1277 2355 1394 2400 cuius
1423 2354 1476 2398 ad
1505 2367 1690 2398 normam

337 2430 403 2472 vel
432 2431 567 2484 ipsum
599 2429 780 2472 auctoris
811 2432 972 2472 textum
1002 2428 1263 2483 dirigendum
1303 2441 1395 2473 esse
1424 2428 1688 2474 confidamus.

425 2545 454 2588 1)
480 2543 524 2577 cf.
550 2552 640 2587 quae
665 2551 772 2586 supra
797 2541 840 2575 de
865 2550 907 2574 eo
933 2539 1083 2574 diximus
1108 2553 1138 2585 p.
1167 2545 1198 2579 6.
