1967 3062
821 188 1098 230 -40-

290 302 408 345 labae
437 302 544 345 duae
563 301 719 345 vicinae
746 301 1018 354 quantitatem
1039 301 1147 344 inter
1166 314 1211 344 se
1230 306 1492 355 commutent,
1521 304 1628 346 idem

290 369 354 413 vir
368 368 541 413 illustris
557 368 718 412 monuit
731 367 857 412 Lexil.
868 368 901 420 Ι,
912 368 1007 410 247.
1046 367 1107 411 Cf.
1126 369 1250 412 etiam
1266 371 1400 425 Etym.
1420 371 1475 413 Μ.
1486 372 1551 424 21,
1562 365 1626 413 19.

401 437 619 493 αἱμύλος
637 436 714 489 ΟΡ.
731 437 814 477 374
843 440 886 479 et
914 436 1171 492 κέρτομος·
1190 437 1266 492 Op.
1285 438 1377 481 788·
1394 439 1503 493 quod
1522 439 1628 481 idem

287 507 440 561 legitur
467 506 575 560 hym.
610 506 736 549 Merc.
759 505 841 548 338
872 519 946 560 pro
976 506 1205 550 Homericis
1240 506 1423 561 αἱμύλιος
1460 511 1502 549 et
1540 521 1627 562 κερ-

290 575 429 630 τόμιος
457 587 537 617 non
567 574 649 617 nisi
678 574 851 617 rationis
880 574 1077 617 metricae
1117 573 1385 616 variationem
1424 574 1628 626 exhibent,

286 643 406 686 istius
435 642 607 695 quidem
636 642 800 696 generis
828 645 877 684 ut
895 642 1051 685 formae
1072 642 1312 685 hexametro
1334 641 1629 684 commodiores

287 711 593 755 substituantur
616 722 692 764 pro
714 709 978 764 vulgaribus3
999 709 1048 753 cf.
1070 709 1122 753 de
1140 721 1177 751 v.
1200 707 1354 766 ἥσυχος
1368 720 1494 761 supra
1508 721 1548 763 p.
1562 709 1627 751 15.

399 777 645 833 ἀλγινόεις
664 778 737 822 Th.
751 778 845 820 214.
857 778 951 820 226.
973 789 1047 833 pro
1060 777 1180 822 Hom.
1199 777 1407 831 ἀλεγεινὸς
1421 789 1502 820 non
1517 781 1630 820 caret

285 848 494 903 analogia3
516 847 565 892 cf.
586 834 727 892 voccim
744 847 865 891 Hom.
888 846 1091 903 ἀργινόεις
1111 859 1217 902 quae
1238 849 1303 889 est
1322 859 1347 890 a
1367 846 1496 901 stirpe
1517 845 1626 888 ΑΡΓ.

398 909 461 968 ἐπ
472 927 528 968 άλ
538 943 565 968 α
571 942 672 982 μος
701 926 777 981 Op.
794 927 850 968 20
879 938 953 980 pro
973 926 1092 969 Hom.
1123 907 1365 981 ᾖπάλαμνὸς
1384 926 1627 979 productam

287 1011 313 1036 α
332 995 436 1050 priv.
457 995 585 1038 habet
606 995 778 1048 perinde
798 1007 846 1038 ac
866 1007 930 1036 vv.
952 993 1072 1036 Hom.
1096 992 1318 1042 ἀθάνατος,
1348 994 1558 1048 ἀκάματος
1575 995 1627 1036 al.

399 1062 666 1118 ἀπείριτος
695 1062 769 1104 Th.
794 1061 886 1103 109.
910 1062 1004 1103 878.
1037 1061 1101 1105 Sc.
1123 1062 1218 1103 204.
1249 1061 1384 1104 forma
1412 1061 1628 1104 decurtata

285 1143 360 1185 pro
380 1131 500 1189 Hom.
533 1128 769 1185 ἀπειρέσιος
796 1141 877 1172 non
907 1129 987 1172 nisi
1016 1129 1238 1183 propterea
1268 1129 1542 1172 memorabilis
1563 1134 1627 1172 est

285 1198 397 1253 quod
426 1198 570 1243 eadem
593 1201 635 1242 et
655 1197 698 1241 in
719 1197 932 1252 Odysseae
953 1197 1041 1241 loco
1061 1197 1303 1241 recentioris
1324 1197 1492 1251 originis
1515 1198 1626 1240 1195

284 1272 328 1312 et
355 1268 395 1310 in
424 1267 534 1322 hym.
566 1267 667 1311 Ven.
693 1266 774 1308 120
802 1266 966 1321 legitur.

397 1335 621 1391 ἀρτιέπειαι
650 1334 725 1378 Th.
746 1335 799 1376 29
837 1338 880 1378 et
915 1334 1202 1392 ἡδυέπειαι
1238 1335 1311 1378 Th.
1334 1336 1414 1378 965
1439 1338 1488 1385 *et
1519 1335 1628 1377 1020

284 1416 359 1458 pro
387 1404 508 1447 Hom.
540 1403 738 1461 ἀρτιεπὴς
766 1407 809 1446 et
837 1403 1023 1461 ἢδυεπὴτ
1062 1416 1111 1447 ex
1147 1416 1319 1447 numero
1358 1404 1521 1447 illorum
1558 1405 1628 1446 ad-

283 1472 524 1515 iectivorum
558 1475 677 1524 sunt,
714 1482 822 1524 quae
857 1471 987 1514 solam
1028 1472 1357 1515 terminationem
1392 1471 1627 1517 femininam

284 1538 483 1590 formant3
514 1539 565 1582 de
595 1539 745 1591 quibus
776 1552 812 1581 v.
845 1538 1003 1582 Becker
1035 1539 1171 1582 sched.
1202 1539 1322 1582 Hom.
1353 1535 1391 1594 p.
1414 1539 1508 1581 310.

398 1606 593 1662 δαίμων
614 1606 690 1660 Op.
703 1606 785 1649 314
813 1619 894 1650 non
923 1619 997 1661 pro
1021 1607 1173 1650 »deus«
1197 1607 1491 1662 accipiendum,
1520 1607 1628 1660 quod

284 1675 483 1718 Proculus
521 1674 774 1724 hariolatur‚
816 1687 959 1717 verum
998 1687 1073 1728 pro
1103 1675 1222 1717 Hom.
1263 1675 1434 1732 ὃαῆμων
1475 1676 1628 1719 dictum

284 1755 376 1788 esse
405 1755 499 1787 cum
529 1742 737 1786 sententia
765 1741 843 1786 loci
865 1742 1059 1786 Hesiodei
1090 1742 1275 1786 vindicat
1304 1746 1393 1786 tum
1415 1742 1629 1787 confirmat

283 1812 559 1865 fragmentum
584 1809 900 1854 Archilocheum
920 1811 958 1860 4,
977 1811 1016 1862 4,
1047 1810 1089 1853 in
1117 1822 1198 1863 quo
1227 1822 1362 1864 neque
1391 1824 1415 1854 a
1445 1811 1627 1855 codicum

283 1879 490 1933 scriptura
519 1889 654 1931 neque
684 1878 736 1921 ab
768 1877 1111 1931 interpretatione
1143 1878 1368 1933 quidquam
1389 1879 1569 1934 ambigui
1588 1892 1625 1922 v.

283 1947 481 2002 δαίμονες
508 1947 663 1989 habere
691 1946 825 1999 quivis
851 1945 976 1988 videt.
1031 1947 1090 1988 Ac
1111 1946 1247 1990 locum
1267 1947 1451 1990 Platonis
1472 1948 1626 2001 Cratyl.

283 2030 323 2071 p.
344 2015 426 2058 398
447 2015 484 2057 Β
504 2018 546 2058 et
561 2014 739 2068 Hesych.
772 2025 804 2056 s.
827 2025 863 2055 v.
896 2012 1052 2068 δαίμων
1075 2014 1110 2056 si
1132 2014 1307 2067 intueor,
1339 2015 1444 2058 hanc
1466 2028 1629 2070 quoque

283 2097 423 2128 vocem
454 2096 534 2127 non
566 2094 742 2136 prorsus
775 2081 999 2124 absurdum
1030 2094 1122 2126 esse
1152 2082 1258 2126 duco
1288 2083 1410 2126 istinc
1430 2084 1628 2135 derivare,

286 2156 333 2196 ut
364 2153 415 2196 de
444 2151 633 2195 vocabuli
663 2149 822 2205 δαίμων
853 2150 963 2202 quod
992 2155 1056 2193 est
1089 2151 1241 2195 »deus«
1273 2150 1520 2204 etymologia
1540 2164 1627 2194 sen-

285 2221 458 2264 tentiam
491 2231 609 2262 suam
638 2221 762 2272 poeta
792 2217 1005 2260 declarare
1035 2218 1223 2261 voluerit.
1278 2219 1369 2260 Nisi
1399 2218 1505 2261 forte
1534 2220 1627 2262 sim-

283 2287 432 2341 plicius
463 2286 506 2328 in
537 2298 585 2328 eo
616 2283 960 2338 acquiescendum
990 2289 1054 2327 est
1084 2285 1295 2337 pertinere
1324 2286 1429 2329 hanc
1458 2286 1628 2329 formam

283 2356 337 2399 ad
367 2355 604 2398 universum
635 2365 766 2407 genus
797 2352 1092 2396 contractionis
1125 2354 1236 2408 quod
1265 2354 1475 2406 aliquanto
1505 2356 1628 2397 latius

282 2425 325 2467 in
361 2422 542 2467 Hesiodo
582 2424 725 2475 patere
764 2432 889 2476 quam
930 2419 972 2465 in
1009 2421 1188 2465 Homero
1229 2434 1356 2476 supra
1369 2423 1402 2477 ¹)
1446 2435 1471 2465 a
1510 2423 1627 2468 nobis

283 2491 616 2534 animadversum
646 2492 722 2533 est.

384 2632 413 2677 1)
438 2642 469 2665 v.
495 2641 601 2676 supra
624 2641 658 2675 p.
675 2633 726 2667 14.
