1967 3062
838 259 1121 302 -30-

416 386 454 415 v.
487 374 691 428 νέμεσις
729 386 795 427 ap.
826 373 946 416 Hom.
986 375 1051 415 est
1089 372 1200 417 iusta
1229 374 1294 416 vel
1325 373 1556 428 indignatio
1585 375 1650 417 vel

302 442 585 495 reprehensio,
632 441 779 484 deinde
819 441 861 484 id
901 442 1012 495 quod
1051 442 1223 495 dignum
1266 446 1330 485 est
1368 442 1652 496 indignatione

302 510 390 552 sive
417 523 465 561 r.‚
501 510 670 552 tertium
709 522 818 551 unus
850 513 914 551 est
941 510 1056 551 locus
1083 511 1121 550 N
1137 511 1232 562 122,
1261 511 1302 552 in
1333 523 1414 564 quo
1443 512 1652 554 notionem

302 581 350 619 ut
378 577 438 620 ita
468 577 601 621 dicam
625 577 898 621 subiectivam
920 590 968 621 eo
989 578 1191 622 contineri
1211 578 1429 634 ipsumque
1450 591 1526 632 pro
1551 591 1650 632 »pu-

303 645 404 689 dore
436 646 793 698 reprehensionis«
837 646 1118 699 accipiendum
1160 658 1252 689 esse
1282 659 1428 690 sensus
1457 648 1650 702 arguit1).

302 714 439 768 Atque
483 713 593 756 hunc
638 713 804 769 quidem
850 726 971 757 usum
1008 714 1196 758 imitatus
1233 719 1298 759 est
1337 715 1543 759 Hesiodus
1582 715 1653 770 qui

302 783 378 836 Op.
401 782 484 824 200
513 795 686 836 prorsus
718 783 893 826 eundem
924 784 966 825 in
996 784 1164 826 modum
1194 797 1258 826 vv.
1282 784 1410 829 αἰδὼς
1429 787 1471 827 et
1492 784 1654 839 νέμεσις

300 852 409 893 inter
438 864 484 895 se
513 853 657 895 iuncta
688 853 828 896 habet.
876 853 964 895 Iam
995 866 1092 896 vero
1123 853 1286 906 longius
1307 854 1359 897 ab
1379 866 1457 896 usu
1478 852 1649 905 antiquo

301 920 477 962 discedit
506 920 611 963 alter
642 932 725 973 quo
769 934 807 962 v.
837 921 991 974 legitur
1020 921 1136 963 locus
1166 921 1398 963 Hesiodeus
1438 921 1513 963 Th.
1545 920 1651 972 2333

300 988 371 1031 ubi
401 1001 495 1031 cum
529 989 714 1042 reliquae
747 990 940 1032 notiones
970 990 1085 1032 iuxta
1115 989 1275 1042 positae
1306 989 1484 1045 (Μοῖραι,
1503 988 1651 1045 Κῆρες,

300 1055 474 1111 Similes)
506 1060 593 1099 tum
626 1057 830 1111 appositio
872 1057 951 1111 ipsi
981 1057 1139 1101 tributa
1176 1057 1311 1114 (πῆμα
1339 1055 1523 1115 θνητοῖσι
1549 1055 1653 1112 βρο-

302 1125 421 1179 τοῖσι)
452 1138 517 1168 me
547 1130 730 1178 movent,
761 1130 809 1168 ut
838 1126 1052 1180 vulgarem
1085 1126 1327 1169 recentioris
1357 1125 1552 1179 temporis
1572 1125 1653 1178 sig-

300 1192 577 1237 nificationem
609 1194 674 1238 hic
701 1194 743 1236 in
776 1207 814 1236 v.
837 1194 982 1237 sentiri
1012 1194 1114 1236 mihi
1140 1194 1413 1248 persuadeam
1434 1205 1517 1246 qua
1535 1205 1652 1236 usur-

299 1265 425 1314 patur
454 1261 506 1305 de
537 1262 709 1305 deorum
742 1262 897 1304 invidia
927 1265 969 1304 et
998 1262 1155 1304 ultione
1166 1261 1212 1313 2).
1266 1262 1396 1313 Quam
1430 1262 1555 1305 etiam
1586 1273 1653 1303 ex-

218 1383 232 1403 ἱ
298 1331 551 1384 pressiorem
582 1331 709 1373 habet
738 1330 921 1384 Theogn.
946 1331 1054 1372 1182
1086 1333 1128 1373 et
1149 1330 1244 1372 280.

412 1410 449 1438 v.
482 1397 657 1453 φόβος
695 1398 849 1452 ubique
880 1411 945 1451 ap.
976 1398 1097 1441 Hom.
1128 1398 1325 1453 fugiendi,
1364 1410 1567 1452 nusquam
1603 1398 1652 1439 ti-

301 1465 439 1508 mendi
469 1466 679 1509 notionem
715 1470 856 1509 tenere
888 1467 1153 1509 observatum
1185 1470 1252 1509 est
1271 1467 1325 1509 ab
1342 1466 1581 1508 Aristarcho
1602 1464 1651 1507 cf.

301 1532 445 1576 Lehrs.
467 1547 507 1587 p.
526 1534 591 1576 75.
644 1534 768 1588 Apud
798 1534 1025 1578 Hesiodum
1057 1534 1168 1588 quod
1198 1548 1234 1577 v.
1257 1537 1322 1577 ter
1353 1534 1445 1589 (Th.
1469 1533 1563 1576 934.
1588 1532 1652 1577 Sc.

303 1603 396 1643 195.
418 1602 520 1655 463)
562 1604 603 1643 in
632 1602 808 1645 formula
837 1603 1058 1645 Homerica
1088 1603 1136 1657 (Δ
1166 1603 1267 1656 440)
1306 1602 1446 1655 Φόβος
1476 1602 1538 1642 κὰι
1567 1601 1652 1642 Δεῖ-

295 1685 390 1724 μος,
423 1669 550 1712 semel
579 1669 662 1724 (Sc.
688 1670 789 1725 155)
821 1683 914 1714 cum
933 1668 1115 1726 Ὅμαόυς
1142 1671 1328 1714 iunctum
1367 1673 1560 1724 apparet,
1602 1670 1653 1712 de

300 1736 533 1791 significatu
564 1738 635 1792 qui
670 1739 935 1797 iudicandum
965 1740 1020 1782 sit
1050 1740 1252 1782 incertum
1275 1751 1366 1781 esse
1386 1738 1521 1781 debet.
1570 1736 1650 1780 Sed

300 1809 438 1849 tamen
468 1807 594 1849 latius
625 1819 719 1849 eum
748 1811 983 1861 promotum
1015 1807 1141 1850 fuisse
1174 1807 1340 1850 saeculo
1371 1805 1543 1849 Hesiodi
1571 1806 1652 1848 duo

299 1878 482 1929 arguunt
498 1870 591 1917 ‘loci
622 1875 693 1929 qui
725 1879 866 1919 extant
901 1877 941 1918 in
974 1875 1100 1919 Scuto
1134 1877 1215 1917 144
1246 1879 1288 1919 et
1314 1876 1412 1917 237.
1472 1875 1578 1917 Nam
1613 1875 1655 1916 in

299 1944 436 1998 priore
467 1944 635 1998 quidem
663 1957 757 1987 cum
788 1944 985 1998 imagines
1015 1945 1056 1987 in
1086 1948 1206 1988 scuto
1237 1943 1396 1987 effictas
1417 1943 1653 1996 descriptu-

299 2025 371 2055 rus
401 2016 527 2065 poeta
556 2013 615 2055 Sic
645 2012 811 2066 incipit:
845 2012 887 2053 ἐν
913 2012 1061 2069 μέσσῳ
1094 2013 1141 2054 δὲ
1162 2013 1390 2067 δράκοντος
1411 2010 1481 2068 ἔην
1503 2010 1651 2067 φόβος,

299 2081 341 2122 in
379 2080 457 2124 hoc
493 2081 561 2123 vix
604 2081 830 2124 verendum
870 2085 932 2123 est
972 2094 1024 2124 ne
1055 2082 1147 2135 quis
1179 2081 1230 2123 de
1262 2080 1361 2134 fuga
1391 2079 1654 2133 cogitandum

300 2152 489 2200 censeat;
520 2148 777 2202 intellegitur
808 2148 954 2190 horror
984 2160 1107 2201 quem
1141 2151 1336 2202 aspectus
1367 2147 1557 2190 draconis
1587 2159 1654 2188 ex-

300 2217 412 2260 citat.
472 2216 691 2260 Difficilior
722 2217 830 2260 alter
861 2220 924 2259 est
953 2217 1067 2260 locus
1099 2217 1164 2260 Sc.
1186 2217 1267 2259 237
1281 2232 1290 2270 3
1331 2217 1372 2258 in
1403 2226 1484 2268 quo
1514 2218 1652 2257 tamen

300 2285 502 2338 siquidem
533 2286 660 2329 verba
686 2284 824 2341 μέγας
853 2284 995 2340 φόβος
1024 2285 1078 2327 ad
1107 2285 1328 2339 imaginem
1350 2283 1537 2327 versibus
1557 2295 1653 2336 pro-

300 2354 408 2397 xime
449 2352 720 2408 sequentibus
761 2354 1012 2408 descriptam
1057 2358 1245 2407 spectare
1285 2352 1545 2405 exploratum
1576 2355 1650 2403 est,

303 2434 356 2465 ne
385 2423 452 2465 hic
481 2423 647 2475 quidem
680 2423 732 2465 de
761 2422 862 2478 fuga
892 2434 1025 2465 sermo
1057 2426 1144 2474 est3
1189 2419 1474 2474 interpreteris
1514 2423 1651 2462 autem

398 2583 427 2628 1)
451 2581 530 2618 Nisi
552 2581 609 2617 cui
633 2581 730 2617 Fasii
756 2580 1004 2625 interpretatio
1028 2579 1200 2626 probetur
1222 2577 1344 2625 paullo
1368 2577 1600 2615 artificiosior.

397 2653 427 2698 2)
451 2650 559 2696 Apud
588 2651 691 2687 Hom.
724 2650 793 2687 hoc
824 2659 930 2685 sensu
961 2650 1128 2686 usitatum
1161 2653 1215 2685 est
1246 2660 1280 2685 v.
1306 2648 1385 2688 ὅπις
1416 2648 1510 2694 quod
1540 2658 1584 2684 ne
1616 2649 1652 2684 in

300 2706 458 2743 Hesiodo
484 2706 624 2752 quidem
649 2706 748 2742 deest
773 2706 831 2752 (cf.
850 2705 915 2741 Th.
930 2709 1006 2743 222.
1024 2707 1088 2751 Op.
1109 2708 1181 2744 187.
1202 2709 1281 2745 251.
1299 2706 1390 2751 706).
