1967 3062
814 223 1091 263 -17-

284 338 368 381 rico
400 322 605 392 quoddam
636 335 879 380 vocabulum
909 335 1019 389 quod
1048 335 1154 377 hanc
1184 334 1301 388 quasi
1329 334 1518 378 lacunam
1554 348 1620 378 ex-

283 405 396 460 plere
434 406 644 461 ipsiusque
688 417 725 447 v.
768 403 893 459 νόμος
935 403 1074 447 sedem
1123 402 1385 457 occupavisse
1421 401 1622 455 videatur,

285 474 374 517 dico
403 487 440 516 v.
472 472 590 529 θέμις
620 474 676 528 (v.
697 472 932 515 Dammium
959 472 1000 514 in
1029 472 1178 516 Lexico
1199 472 1351 526 Hom.).
1399 472 1528 526 Atqui
1547 471 1625 513 hoc

283 542 417 596 ipsum
447 539 820 596 apud,Hesiodum
848 541 1035 592 quamvis
1074 553 1154 583 non
1190 552 1360 594 prorsus
1391 538 1628 592 infrequens

285 613 533 664 compareat,
563 621 640 653 usu
671 612 810 650 tamen
839 608 968 650 multo
999 608 1210 650 astrictius
1238 611 1326 662 est3
1356 619 1490 660 neque
1519 607 1628 648 enim

286 678 434 721 dicitur
462 679 542 721 nisi
574 676 870 731 significatione
891 676 1031 718 iudicii
1065 676 1159 730 (Op.
1178 677 1215 718 9.
1233 677 1327 718 221.
1349 676 1426 718 Th.
1443 675 1508 718 85.
1526 674 1626 728 235)

285 757 408 799 quam
442 746 668 790 recentiore
698 757 861 800 quoque
891 748 1074 799 tempore
1103 744 1283 787 servavit
1307 748 1432 799 atque
1467 743 1509 785 in
1547 742 1629 785 for-

285 815 396 856 mula
425 814 573 856 Atticis
603 814 701 855 trita
739 811 856 867 θέμις
885 812 972 854 ἐστί
1005 813 1098 867 (Op.
1124 812 1215 854 137.
1247 813 1320 855 Th.
1343 812 1437 854 396.
1469 811 1533 854 Sc.
1557 810 1624 852 22.

283 882 398 937 447.)
457 881 648 925 Ceterum
684 881 804 924 heres
844 881 932 924 eius
965 881 1101 924 extitit
1141 894 1178 923 v.
1212 880 1347 936 νόμος,
1373 880 1503 924 ,cuius
1542 892 1623 923 non

285 949 417 992 solum
447 950 663 992 incohatus
683 949 756 992 sed
777 950 859 991 iam
879 950 1175 1003 propemodum
1197 950 1403 992 stabilitus
1424 952 1487 992 est
1507 960 1618 992 usus.

285 1017 497 1060 Invenitur
537 1019 643 1060 enim
682 1021 861 1069 quatuor
889 1018 952 1060 his
981 1018 1102 1061 lociS:
1142 1017 1215 1060 Th.
1241 1018 1294 1059 66
1339 1017 1447 1071 quod
1486 1017 1630 1060 Musae

285 1086 477 1128 dicuntur
497 1089 621 1128 cantu
641 1086 850 1129 celebrare
874 1087 1035 1127 πάντων
1057 1101 1101 1127 τε
1123 1085 1274 1140 νόμους
1289 1086 1352 1126 καὶ
1366 1083 1475 1143 ἤθεα
1491 1084 1629 1133 amausi,

285 1152 327 1195 in
356 1153 432 1197 hoc
461 1154 495 1197 si
525 1154 650 1198 verba
680 1166 772 1198 cum
813 1154 946 1197 verbis
993 1166 1205 1208 comparas
1237 1154 1443 1208 scriptura
1482 1152 1631 1208 νομοὺς

284 1220 583 1274 aliquantulum
614 1221 981 1265 commendationIS
1011 1223 1262 1265 nanciscitur
1303 1234 1352 1264 ex
1389 1221 1509 1263 simili
1538 1221 1627 1263 loco

283 1290 498 1333 Homerico
529 1290 568 1331 Z
584 1291 662 1333 511
695 1310 748 1326 =
781 1292 811 1331 0
831 1291 912 1333 268
944 1289 1071 1346 (ἤθεα
1102 1292 1164 1332 καὶ
1196 1290 1319 1346 νομὸν
1350 1289 1510 1344 ἵππων).
1571 1290 1627 1332 At

284 1358 458 1413 ineptior
485 1358 586 1403 haec
617 1359 832 1402 translatio
863 1362 974 1402 esset
1005 1371 1131 1413 quam
1154 1371 1258 1413 quae
1278 1371 1377 1401 sano
1398 1361 1546 1413 poetae
1565 1358 1624 1400 in-

284 1430 519 1480 gereretur3
550 1428 659 1470 unde
689 1427 863 1470 alteram
893 1429 1139 1481 scripturam
1170 1427 1371 1481 praefero,
1404 1428 1455 1470 de
1481 1440 1563 1480 qua.
1587 1440 1625 1469 v.

284 1494 435 1537 Goettl.
479 1493 590 1537 Nihil
622 1495 804 1550 ambigui
825 1498 888 1538 est
907 1496 949 1537 in
969 1495 1137 1550 reliquis
1155 1495 1267 1538 locis.
1318 1494 1392 1537 Th.
1413 1495 1494 1535 417
1515 1494 1627 1537 locu-

285 1563 435 1606 tionem
466 1564 565 1604 κατὰ
588 1564 710 1619 νόμον
731 1577 901 1619 prorsus
931 1565 1038 1607 idem
1059 1563 1196 1607 valere
1215 1568 1340 1618 atque
1359 1563 1624 1607 Homericum

284 1631 308 1689 ἦ
326 1629 446 1687 θέμις
459 1630 541 1674 ἐστὶ
557 1631 637 1675 iam
658 1645 683 1675 a
702 1632 940 1677 Thierschio
959 1632 986 1675 l.
1008 1632 1033 1675 l.
1056 1633 1320 1676 observatum
1345 1636 1419 1676 est.
1453 1631 1621 1687 Op.276

285 1698 619 1752 significationem
649 1704 774 1753 tenet,
812 1706 860 1744 ut
889 1714 1012 1755 saepe
1041 1700 1100 1753 fit,
1136 1702 1244 1743 inter
1274 1701 1486 1744 notionem
1524 1701 1627 1754 legis

285 1770 327 1811 et
355 1768 479 1812 moris
509 1769 739 1824 ancipitem.
801 1770 876 1825 Op.
896 1770 977 1813 388
1010 1770 1166 1814 dictum
1196 1772 1259 1814 est
1290 1770 1340 1813 de
1371 1769 1624 1825 praescripto

285 1836 462 1889 quodam
501 1837 790 1890 agriculturae.
861 1839 1094 1893 Lennepius
1130 1842 1268 1882 autem
1308 1852 1430 1893 quam
1469 1839 1623 1881 frustra

284 1903 450 1947 studeat
486 1905 636 1959 ubique
666 1909 873 1961 oxytonon
904 1907 1029 1962 νομὸς
1057 1905 1288 1960 defendere,
1309 1906 1426 1950 facile
1447 1907 1623 1961 quisque

285 1970 498 2026 intelleget
514 1974 585 2027 qui
602 1976 821 2018 contulerit
835 1975 944 2018 illius
962 1975 1274 2019 commentarios
1291 1975 1342 2017 ad
1356 1975 1382 2017 1.
1396 1975 1421 2015 1.
1454 1976 1623 2018 Praeter

286 2038 455 2092 simplex
478 2042 721 2085 vocabulum
742 2043 865 2086 etiam
892 2043 1116 2097 composita
1135 2043 1236 2086 haec
1257 2046 1491 2097 comparent
1512 2041 1622 2096 apud

284 2109 471 2149 nostrum
499 2112 688 2162 poetam:
719 2111 898 2167 Εὐνομία
918 2112 992 2154 Th.
1015 2112 1096 2153 902
1125 2111 1166 2154 in
1195 2123 1275 2163 quo
1298 2111 1401 2165 legis
1422 2111 1630 2154 notionem

284 2173 418 2217 inesse
450 2176 616 2220 nomina
645 2178 836 2223 Iustitiae
868 2183 910 2223 et
938 2179 1056 2223 Pacis
1086 2180 1200 2223 iuxta
1227 2179 1361 2233 posita
1390 2178 1625 2221 ostendunt.

285 2242 370 2285 Nec
400 2243 536 2287 minus
567 2256 672 2298 quae
703 2247 757 2290 sit
787 2248 897 2291 vocis
928 2246 1125 2304 Δυςνομὶη
1163 2247 1236 2289 Th.
1259 2246 1341 2288 230
1381 2245 1625 2301 significatio

272 2323 413 2354 nexus
445 2313 593 2365 prodit.
655 2315 843 2371 Denique
872 2317 953 2360 huc
982 2316 1162 2370 pertinet
1198 2314 1445 2358 adiectivum
1475 2314 1630 2370 ἄνομος

287 2378 360 2421 Th.
378 2379 483 2433 307;
513 2394 607 2425 nam
637 2383 739 2428 haec
758 2385 881 2429 lectio
901 2397 1032 2439 aeque
1054 2386 1258 2428 codicibus
1283 2384 1448 2438 optimis
1468 2397 1517 2427 ac
1538 2397 1629 2427 sen—

288 2448 417 2490 tentia
447 2449 723 2493 confirmatur.
784 2454 884 2496 Post
912 2454 1136 2497 Hesiodum
1166 2465 1262 2495 vero
1303 2453 1375 2507 qui
1404 2453 1523 2506 primi
1552 2453 1629 2496 hoc

294 2516 492 2560 vocabulo
522 2518 586 2560 usi
616 2523 714 2562 sunt
742 2521 817 2564 hos
838 2521 994 2565 inveni:
1025 2524 1232 2565 auctorem
1250 2520 1359 2574 hym.
1379 2521 1452 2575 Ap.
1471 2521 1560 2563 Del.
1577 2521 1631 2562 20

291 2584 346 2639 (v.
368 2584 591 2628 Baumeist.
613 2599 652 2641 p.
677 2589 775 2643 122)
807 2594 849 2632 et
878 2591 1008 2634 Alcm.
1027 2591 1077 2631 61
1110 2589 1242 2645 (νόμοι
1260 2607 1316 2624 =
1336 2590 1477 2643 modi).
1509 2590 1632 2643 Legis

291 2653 496 2696 notionem
531 2667 768 2708 expressam
807 2661 921 2702 tenet
951 2658 1059 2713 apud
1091 2657 1242 2701 Archil.
1267 2657 1346 2700 133
1377 2661 1421 2701 et
1448 2658 1627 2712 Theogn.

1406 2728 1427 2761 ‘2
