1967 3062
754 255 1032 298 -31-

226 382 263 410 v.
294 368 470 412 fortasse
508 382 599 423 per·
628 369 934 422 »spectaculum
976 350 1207 412 horribiles
1270 367 1513 410 Distinctius
1544 379 1569 408 a

225 437 391 480 notione
420 437 600 491 fugiendi
630 440 868 489 separatum
899 440 1013 480 extat
1042 450 1078 479 v.
1111 435 1224 489 apud
1253 435 1367 490 Tyrt.
1403 435 1467 488 10,
1493 435 1569 483 16;

225 518 274 548 ac
302 505 422 558 plane
450 506 633 558 vulgaris
663 517 764 547 usus
795 504 1047 558 conspicitur
1077 504 1119 546 in
1150 503 1304 546 Archil.
1327 503 1394 555 54,
1416 504 1454 544 3.

338 585 375 615 v.
400 576 582 631 χρῆμα
620 572 730 627 quod
771 584 863 616 cum
902 571 944 614 in
984 571 1114 614 Iliade
1154 571 1317 615 omnino
1357 570 1486 623 desit,
1530 570 1570 613 in

227 641 411 695 Odyssea
448 642 734 696 quaterdecies
774 645 908 693 extat,
955 641 1065 694 apud
1094 641 1322 683 Homerum
1366 639 1572 694 significat

230 722 320 753 »res
350 709 499 764 quibus
529 711 726 763 utimur«,
770 723 932 765 »opes«,
971 710 1080 753 unde
1126 708 1174 752 fit
1202 713 1250 752 ut
1280 722 1360 753 non
1390 709 1469 752 nisi
1499 723 1572 753 nu-

227 790 338 821 mero
368 779 515 832 plurali
546 779 655 832 apud
687 791 781 821 eum
811 780 986 832 legatur.
1048 779 1102 820 Et
1142 779 1201 820 sic
1229 781 1476 832 usurpatum
1507 777 1572 819 est

227 847 337 900 apud
376 847 600 890 Hesiodum
640 848 714 902 Op.
745 848 839 890 320.
862 849 957 890 407.
980 848 1073 890 605.
1098 847 1191 889 686.
1251 847 1338 889 Iam
1376 860 1472 890 vero
1512 847 1572 888 in-

228 915 391 968 cognita
419 915 598 957 Homero
631 928 680 957 ea
709 916 898 958 vocabuli
928 914 1170 969 significatio
1192 918 1256 957 est
1277 927 1359 968 qua
1379 915 1569 957 universe

229 985 347 1025 notat
379 995 494 1025 »res«
540 996 588 1026 ac
617 983 703 1025 fere
734 984 842 1026 idem
874 984 984 1026 valet
1012 983 1126 1036 quod
1157 984 1419 1026 Homericum
1451 981 1572 1038 ἔργον

230 1051 261 1091 Α
282 1050 364 1092 294
385 1062 495 1103 saep.
527 1055 569 1093 et
599 1051 808 1093 recentius
841 1054 1021 1106 πρᾶγμα.
1078 1051 1197 1093 Hanc
1238 1051 1344 1093 enim
1374 1050 1574 1104 interpre-

229 1120 428 1162 tationem
460 1119 587 1172 exigit
615 1120 657 1161 in
688 1119 762 1173 Op.
783 1120 890 1173 4023
929 1120 1053 1163 immo
1095 1120 1198 1162 abiit
1227 1119 1350 1162 etiam
1379 1120 1421 1161 in
1451 1120 1574 1173 signi-

230 1187 464 1231 ficationem
497 1200 668 1231 »casus«
710 1189 752 1230 in
782 1188 857 1242 Op.
882 1189 978 1231 344.
1031 1187 1093 1231 cf.
1124 1187 1275 1231 Archil.
1301 1188 1426 1240 79,1.
1473 1187 1571 1231 Sim.

232 1255 280 1297 A.
305 1257 341 1308 6,
366 1257 404 1297 1.
450 1257 589 1299 Mimn.
613 1257 651 1308 8,
676 1257 713 1297 2.
761 1256 845 1299 Sol.
871 1257 935 1299 13.
959 1257 1023 1298 66.
1330 1251 1337 1257 ”

345 1325 404 1367 Ut
433 1328 642 1367 transeam
672 1325 725 1367 ad
754 1326 971 1375 adiectiva‚

344 1406 381 1434 v.
413 1393 611 1438 ἁπαλὸς
650 1393 700 1435 de
739 1393 856 1436 cuius
894 1393 1051 1448 origine
1091 1405 1173 1435 non
1212 1405 1381 1446 prorsus
1412 1396 1573 1435 constat

231 1462 338 1504 inter
367 1474 430 1506 vv.
462 1461 530 1503 dd.
563 1461 629 1515 (cf.
661 1461 851 1505 Doederl.
874 1462 1009 1504 Gloss.
1042 1461 1170 1516 §344
1199 1464 1241 1503 et
1261 1461 1428 1503 Curtius
1458 1461 1507 1503 G.
1532 1461 1570 1503 d.

232 1529 281 1571 E.
304 1528 357 1578 Π,
384 1528 455 1583 52)
489 1529 600 1583 apud
629 1529 853 1572 Homerum
884 1533 1110 1583 usurpatur
1140 1529 1190 1572 de
1218 1529 1449 1583 vigentibus
1485 1542 1574 1572 ner·

230 1598 421 1649 vosisque
452 1597 633 1650 corporis
664 1598 868 1640 membris.
930 1597 1007 1638 Cui
1037 1601 1083 1639 ut
1114 1597 1421 1640 accommodari
1445 1597 1574 1650 possit

233 1676 334 1707 usus
364 1665 535 1707 Hesiodi
563 1666 606 1706 in
636 1665 709 1707 Th.
733 1665 771 1716 3,
810 1665 880 1708 ubi
911 1665 1124 1708 Musarum
1166 1666 1409 1708 saltantium
1448 1665 1573 1719 pedes

232 1734 291 1775 sic
321 1733 581 1786 appellantur
611 1733 678 1788 (cf.
711 1734 743 1774 T
753 1734 822 1788 92)
854 1737 897 1776 et
927 1735 966 1776 in
1001 1733 1064 1777 Sc.
1088 1734 1184 1785 279,
1215 1734 1286 1776 ubi
1315 1734 1481 1776 iuvenes
1501 1733 1574 1787 hy·

232 1813 447 1843 menaeum
486 1805 681 1845 canentes
728 1802 923 1844 dicuntur
962 1814 1103 1845 vocem
1135 1802 1280 1845 tollere
1320 1801 1369 1850 ἐξ
1405 1802 1572 1844 ἁπαλῶν

234 1870 507 1924 στομάτων),
538 1874 671 1913 restat
698 1871 812 1913 locus
853 1871 923 1923 qui
964 1874 1077 1913 extat
1108 1870 1183 1924 Op.
1213 1871 1307 1913 519.
1359 1870 1437 1913 Hic
1467 1870 1573 1913 enim

234 1939 344 1992 quod
389 1938 535 1992 virgini
572 1942 756 1993 tempore
790 1939 955 1982 hiemali
993 1952 1073 1982 non
1114 1940 1190 1982 sub
1222 1939 1314 1982 divo
1344 1938 1569 1982 ambulanti

233 2009 307 2052 sed
336 2009 378 2051 in
409 2010 690 2063 penetralibus
732 2011 897 2053 aedium
936 2011 1203 2053 commoranti
1234 2010 1444 2063 epitheton
1474 2008 1572 2049 ἁπα-

234 2076 407 2134 λόχροος
436 2078 639 2121 tributum
671 2082 758 2128 est,
797 2079 839 2121 in
877 2079 955 2122 hoc
984 2092 1066 2122 non
1096 2079 1240 2121 dubito
1271 2078 1370 2132 quin
1394 2077 1573 2130 vulgaris

234 2145 424 2187 vocabuli
453 2157 599 2188 sensus
628 2145 779 2197 lateat,
818 2159 900 2199 qua
930 2150 993 2188 est
1033 2151 1199 2199 »tenen
1237 2145 1410 2188 mollis«.
1469 2144 1573 2187 Con-

233 2212 347 2254 venit
375 2225 544 2266 prorsus
574 2225 668 2256 cum
697 2213 881 2256 hocloco
903 2214 1107 2257 Hesiodeo
1129 2213 1281 2257 Archil.
1303 2212 1354 2255 fr.
1380 2212 1470 2254 100.
1511 2211 1571 2254 Cf.

236 2283 453 2332 praeterea
483 2280 634 2335 Sapph.
656 2282 710 2323 46
731 2285 773 2324 et
793 2281 859 2323 54.
1489 2314 1504 2334 ,ν

346 2361 383 2391 v.
425 2349 630 2407 ἐχθρὸς
668 2363 731 2404 ap.
769 2351 889 2393 Hom.
932 2351 1084 2403 ubique
1120 2350 1329 2393 notionem
1369 2348 1573 2403 passivam

236 2419 351 2460 tenet
379 2422 427 2460 ut
456 2419 512 2461 sit
536 2418 750 2462 »odiosus«
786 2423 828 2461 et
847 2419 1101 2462 construitur
1122 2431 1216 2461 cum
1236 2419 1385 2461 dativo.
1432 2418 1468 2459 A
1489 2430 1570 2472 quo

332 2589 362 2634 1)
387 2588 530 2626 Etenim
562 2594 721 2636 praestat
750 2590 962 2627 adiectivum
995 2590 1040 2627 ad
1071 2591 1227 2636 vigorem
1251 2600 1349 2626 orum
1372 2588 1575 2625 iuvenilium

235 2644 367 2680 referre
391 2656 506 2691 neque
531 2658 621 2692 opus
645 2651 699 2684 est
715 2648 921 2693 Goettlingii
936 2648 1227 2693 interpretatione
1244 2646 1329 2682 artis
1345 2645 1575 2682 subtilitatem

237 2712 306 2745 qua
329 2713 391 2737 ora
413 2703 591 2739 hominum
615 2705 710 2740 facta
733 2705 873 2750 fuerint,
896 2705 954 2740 hic
976 2705 1133 2749 intellegi
1156 2703 1338 2739 censentis.
