1967 3062
248 408 444 455 obtinere,
476 419 558 460 qua
587 408 742 462 aliquid
771 407 1037 450 dubitationis
1068 407 1109 449 in
1140 407 1346 450 sententia
1365 406 1499 449 inesse
1528 406 1585 448 in·

250 475 382 524 dieat,
417 487 562 519 sensus
592 476 745 531 optime
775 475 974 529 quadrat;
1012 473 1220 519 desideres
1249 477 1388 519 tamen
1416 473 1580 517 modum

248 543 475 597 optativum
506 555 597 586 cum
630 542 832 597 particula
864 542 913 584 ἄν
941 542 1037 586 huic
1066 542 1261 595 loquendi
1284 540 1433 585 rationi
1454 541 1585 585 multo

248 610 561 654 concinniorem.

360 678 546 723 Alterum
575 678 816 723 adverbium
842 678 979 721 ὥστε
1007 691 1082 733 pro
1116 678 1200 722 »ita
1232 681 1303 722 ut«
1335 678 1387 722 ab
1407 678 1586 723 Homero

248 745 429 788 alienum
460 757 551 789 esse
579 745 815 788 observavit
845 745 1053 788 Thiersch.
1084 745 1110 787 l.
1131 744 1157 787 l.
1193 745 1270 788 sub
1291 757 1325 788 c.
1356 749 1398 789 et
1426 746 1496 799 qui
1532 746 1586 789 ab

247 813 324 856 hoc
353 813 560 867 neglectos
589 813 700 857 locos
735 813 975 857 Homericos
1004 814 1046 856 in
1077 813 1393 868 disputationem
1423 814 1585 858 vocavit

249 882 390 924 Lehrs.
423 882 548 924 Arist.
579 894 618 936 p.
643 882 735 924 157.
807 882 943 936 Atque
973 881 1132 925 etiamsi
1162 881 1255 936 quis
1283 881 1404 925 aliter
1433 882 1585 925 sentiat

249 950 300 994 de
328 950 416 994 loco
448 950 656 1005 Odysseae
687 968 716 1007 ρ
740 951 806 1005 20,
836 952 945 996 hunc
971 951 1106 1006 ipsum
1135 964 1217 995 non
1246 964 1337 995 esse
1365 952 1456 995 aevi
1484 952 1586 995 anti·

249 1018 432 1071 quissimi
452 1018 722 1062 Friedlander
742 1019 767 1060 l.
783 1019 812 1061 l.
833 1031 872 1073 p.
888 1019 968 1061 773
999 1019 1242 1072 suspicatur.
1293 1019 1465 1062 Hesiodi
1485 1030 1582 1062 vero

249 1087 503 1140 temporibus
532 1087 669 1141 paullo
698 1087 996 1131 sollemniorem
1026 1088 1134 1131 hunc
1164 1101 1286 1131 usum
1307 1088 1435 1132 fuisse
1457 1089 1586 1142 ipsius

248 1154 431 1196 carmina
459 1155 719 1211 persuadent,
748 1167 854 1209 quae
882 1156 924 1199 in
958 1156 1119 1200 ambitu
1149 1158 1234 1200 tam
1256 1157 1404 1211 exiguo
1424 1156 1487 1200 bis
1507 1156 1582 1199 Th.

249 1223 327 1265 831
360 1226 402 1266 et
437 1223 511 1277 Op.
533 1224 588 1265 44
625 1225 866 1268 adverbium
905 1225 962 1268 sic
997 1229 1242 1278 usurpatum
1278 1225 1499 1279 praebent,
1538 1227 1586 1266 ut

249 1291 334 1334 vice
363 1292 588 1345 particulae
617 1293 905 1337 consecutivae
942 1293 1043 1336 illud
1082 1292 1200 1348 fungi
1235 1292 1347 1336 haud
1385 1293 1585 1336 incertum

249 1359 314 1400 sit.
370 1359 474 1401 Nam
505 1360 682 1403 alterum
718 1361 882 1414 quidem
911 1361 1020 1404 hunc
1049 1361 1182 1403 locum
1208 1359 1381 1417 ῥηϊδίως
1407 1360 1487 1415 γάρ
1518 1374 1585 1400 κεν

250 1426 311 1467 καὶ
341 1424 411 1467 ἐπ’
442 1425 563 1484 ἤματι
598 1425 822 1483 ἐργάσσαιο
862 1428 972 1470 ὥστε
1010 1426 1058 1470 σέ
1094 1427 1133 1469 κ’
1170 1427 1228 1474 εἷς
1262 1427 1443 1470 ἐνιαυτὸν
1481 1425 1585 1485 ἔχειν

250 1496 313 1535 καὶ
343 1495 494 1550 ἀεργὸν
527 1495 647 1536 ἐόντα
676 1496 777 1538 nihil
806 1509 832 1539 a
867 1508 1056 1539 sermone
1093 1496 1218 1539 attico
1255 1495 1418 1538 differre
1454 1495 1585 1548 quivis

250 1561 371 1605 videt.
432 1563 480 1605 In
509 1564 665 1617 priore:
705 1563 940 1621 φθέγγονθ’
977 1564 1085 1606 ὥστε
1121 1561 1252 1605 θεοῖσι
1288 1561 1474 1618 συνιέμεν
1511 1562 1584 1617 (sc.

251 1631 384 1685 φωναὶ
413 1631 640 1686 Thyphoei)
670 1633 786 1675 cuius
824 1632 964 1686 paullo
1002 1631 1242 1675 insolentior
1277 1635 1341 1674 est
1376 1633 1586 1673 structura

252 1697 319 1752 (cf.
352 1697 620 1742 Schoemann.
653 1700 749 1743 edit.
781 1700 934 1754 Theog.
966 1702 1226 1743 commentar.
1258 1711 1297 1752 p.
1322 1698 1420 1753 242)
1459 1709 1585 1751 quan-

250 1767 401 1808 tumvis
430 1766 470 1809 in
502 1767 647 1810 vocula
676 1767 984 1821 aliquantulum
1013 1767 1213 1821 pristinae
1245 1766 1461 1821 potestatis
1497 1777 1586 1809 sen-

251 1833 321 1875 tiri
351 1847 432 1887 qua
459 1835 663 1888 particula
685 1835 965 1888 comparativa
986 1834 1090 1888 est1)
1111 1845 1193 1876 non
1214 1833 1375 1885 infitier,
1404 1836 1584 1876 attamen

250 1901 485 1954 praevalere
515 1900 595 1944 vim
626 1902 927 1948 consecutivam
958 1901 1214 1946 constructio
1235 1899 1424 1944 infinitivi
1445 1902 1585 1955 aperte

249 1968 443 2012 declarat.

361 2038 424 2081 Ex
453 2051 621 2083 numero
651 2040 874 2084 verborum
905 2051 1004 2094 prae
1036 2038 1184 2083 ceteris
1214 2049 1340 2081 unum
1359 2035 1584 2080 notaverim

359 2106 581 2160 βλάπτω.
628 2107 754 2150 Cuius
784 2107 991 2161 propriam
1010 2106 1116 2149 hanc
1137 2117 1228 2149 esse
1247 2103 1585 2159 significationem

252 2173 465 2216 Dammius'
495 2175 598 2217 bene
628 2175 748 2218 docet
780 2174 992 2228 »impedio,
1024 2173 1129 2217 facio
1158 2186 1210 2216 ne
1239 2173 1330 2227 quis
1360 2172 1582 2226 procedere

251 2243 322 2281 aut
351 2240 547 2292 proficere
576 2242 756 2294 possim
787 2253 836 2284 ex
865 2252 948 2294 qua
975 2253 1050 2295 per
1072 2239 1389 2283 abstractionem
1412 2239 1585 2293 amplior

252 2319 300 2348 ea
329 2312 543 2360 procreata
572 2314 635 2351 est
666 2321 749 2362 qua
786 2312 900 2351 notet
937 2321 973 2350 v.
1014 2308 1224 2359 »laedere‚
1261 2305 1461 2357 violare«,
1502 2318 1583 2359 quo

251 2377 503 2426 postremum
533 2374 690 2419 factum
720 2379 804 2428 est,
837 2378 884 2419 ut
912 2375 955 2418 in
985 2385 1172 2418 sermone
1199 2373 1357 2428 vulgari
1386 2371 1584 2417 sollemne

252 2441 419 2483 verbum
450 2443 505 2484 sit
534 2455 608 2496 pro
638 2444 820 2498 generali
848 2442 1015 2485 notione
1044 2442 1228 2485 nocendi.
1277 2442 1413 2493 Atque
1441 2440 1512 2483 illa
1538 2445 1586 2484 ut

252 2506 429 2551 Homero
460 2522 588 2565 prope
608 2510 696 2556 sola
715 2514 813 2555 nota
833 2512 897 2555 est
906 2511 953 2567 ²),
984 2511 1043 2555 ita
1063 2509 1207 2553 eadem
1227 2508 1338 2563 apud
1357 2508 1584 2553 Hesiodum

349 2620 377 2665 1)
403 2630 447 2656 ex
471 2631 541 2665 qua
565 2632 669 2666 quam
693 2621 806 2658 facilis
829 2622 874 2658 sit
897 2622 1066 2658 transitus
1089 2621 1135 2657 ad
1157 2620 1302 2656 alteram
1326 2624 1421 2656 recte
1450 2621 1586 2657 monuit

254 2674 512 2713 Schoemannus
535 2677 557 2712 1.
580 2678 603 2714 l.

347 2733 377 2776 2)
401 2732 491 2768 Nam
517 2731 551 2766 11
565 2737 631 2772 650
654 2734 758 2770 lectio
782 2735 946 2780 ambigua
970 2739 1033 2771 est.

1297 2793 1319 2827 3
