1967 3062
796 248 1074 290 ..15-

265 363 386 406 tinet:
414 364 602 423 ἥσυχος
621 362 696 418 Op.
721 363 813 405 119.
860 361 935 404 Th.
958 361 1039 403 763
1071 375 1151 405 non
1181 362 1261 404 nisi
1292 361 1462 405 metri‘ca
1493 373 1606 405 voca-

264 431 350 475 buli
380 433 541 478 ratione
571 437 730 477 mutata
758 443 833 486 pro
863 430 1081 475 Homerico
1112 428 1167 486 (Φ
1195 430 1294 486 598)
1333 431 1532 490 ἡσύχως-ς’
1556 430 1606 474 cf.

264 500 444 554 Theogn.
466 502 560 544 331.
603 503 751 544 Anacr.
774 500 842 542 88.
883 510 956 530 ——·
972 501 1181 555 μάρτυς
1210 499 1286 554 Op.
1308 500 1387 542 371
1420 512 1494 554 pro
1525 512 1609 542 am-

263 567 392 623 pliore
429 570 626 614 vocabulo
661 569 781 612 Hom.
807 568 1044 624 μᾰρτυρος;
1085 567 1134 612 cf.
1178 568 1302 612 schol.
1333 568 1454 611 Hom.
1486 568 1517 608 A
1556 567 1609 610 ad

263 637 305 678 H
324 639 403 687 76.
472 638 647 682 Secutus
686 641 751 680 est
787 635 1012 680 Hesiodum
1048 627 1214 690 praeter
1251 641 1460 680 auctorem
1497 637 1606 689 hym.

265 705 390 749 Merc.
414 705 467 749 36
491 710 533 750 et
554 706 635 749 372
666 705 823 759 primus
845 704 1014 747 Alcman
1038 704 1090 746 16
1120 716 1212 759 pag.
1235 704 1270 753 I,
1303 705 1353 746 17
1385 704 1609 748 secundum

269 775 591 817 emendationem
624 774 811 827 Bergkfi,
850 779 939 814 tum
969 774 1145 826 Hippon.
1171 773 1238 824 51,
1263 775 1299 813 1.
1339 796 1393 803 —
1433 773 1610 817 κοινός

267 841 343 895 Op.
362 842 456 883 723.
507 842 612 884 Nam
633 842 739 884 idem
761 841 838 883 hoc
859 844 923 883 est
943 853 1029 883 voc.
1052 844 1178 894 atque
1199 840 1321 888 ξυνός
1348 840 1450 894 (sive
1471 839 1606 893 κυνός)

264 909 532 953 Homericum
564 910 732 952 ductum
760 908 860 951 illud
892 921 940 951 ex
961 908 1263 962 praepositione
1285 907 1376 961 ξύν;
1407 907 1456 950 cf.
1476 908 1604 950 Alcm.

263 977 330 1030 25,
352 979 394 1020 7.
430 978 609 1032 Theogn.
629 977 682 1019 73
706 974 1053 1031 (ἅνακοὶνεσθαι).’
1083 975 1277 1019 Simonid.
1297 977 1390 1026 144,
1407 980 1444 1020 3.
1476 989 1510 1019 e.
1524 989 1561 1031 q.
1575 989 1606 1019 s.

379 1048 437 1092 Ut
467 1059 635 1103 pergam
665 1046 718 1090 ad
748 1045 907 1099 reliqua
937 1058 1044 1100 quae
1072 1045 1113 1089 in
1143 1045 1251 1089 hunc
1288 1058 1509 1090 numerum
1546 1059 1610 1090 re-

262 1116 361 1160 ferri
401 1117 463 1159 fas
494 1121 568 1167 est,
600 1116 761 1158 initium
792 1115 939 1157 faciam
971 1127 996 1157 a
1023 1115 1256 1157 nominibus
1287 1115 1578 1158 substantivis:

378 1197 415 1226 v.
444 1183 674 1239 μέριμνα
703 1184 889 1236 ignotum
919 1186 982 1225 est
1008 1182 1188 1225 Homero
1218 1182 1313 1226 licet
1342 1182 1462 1226 radix
1488 1195 1607 1226 voca-

263 1251 349 1294 buli
376 1267 459 1307 μερ
498 1250 566 1306 (cf.
598 1250 766 1293 Curtius
797 1248 979 1293 Grundz.
1008 1250 1055 1291 ·d.
1086 1249 1222 1304 Etym.
1248 1250 1268 1292 I
1297 1263 1336 1304 p.
1359 1250 1458 1304 294)
1496 1250 1607 1304 apud

264 1332 356 1362 eum
397 1322 596 1372 appareat
634 1319 675 1360 in
714 1318 915 1360 adiectivo
950 1316 1184 1373 μέρμερος,
1225 1318 1334 1361 unde
1376 1318 1606 1362 derivatum

262 1390 326 1430 est
364 1386 666 1430 substantivum
706 1385 954 1428 Hesiodeum
992 1383 1191 1442 μέρμηρα
1228 1385 1302 1428 Th.
1335 1386 1403 1429 55.
1470 1388 1607 1441 Atque

263 1454 470 1497 notionem
499 1454 665 1507 quidem
695 1465 777 1495 non
808 1464 898 1495 esse
942 1452 1064 1495 istius
1102 1453 1212 1495 modi
1248 1465 1354 1505 quae
1393 1454 1445 1497 ab
1485 1468 1607 1509 argu-

260 1525 398 1565 mento
431 1522 659 1565 carminum
681 1519 993 1564 Homericorum
1023 1519 1286 1563 abhorruerit
1315 1521 1381 1564 vix
1411 1526 1474 1566 est
1495 1523 1607 1577 quod

261 1602 468 1639 moneam3
498 1602 573 1643 pro
608 1589 851 1632 documento
883 1592 946 1631 est
975 1601 1013 1629 v.
1045 1588 1171 1644 κῆδος
1196 1589 1375 1633 Homero
1405 1603 1605 1645 perquam

260 1657 577 1710 frequentatum.
643 1658 780 1708 Quare
809 1669 890 1700 non
921 1669 1067 1699 vereor
1095 1669 1146 1700 ne
1183 1658 1275 1709 quis
1314 1671 1412 1700 casu
1450 1659 1604 1703 factum

262 1736 351 1767 esse
384 1723 463 1767 sibi
492 1724 744 1778 persuadeat
773 1724 882 1778 quod
919 1736 956 1765 v.
985 1722 1162 1779 μέριμνα
1201 1736 1404 1778 nusquam
1441 1726 1483 1768 in
1521 1730 1606 1770 tam

261 1792 407 1846 amplis
427 1793 681 1836 carminibus
701 1793 864 1846 legitur.
911 1792 1038 1834 Extat
1057 1805 1153 1835 vero
1175 1792 1281 1835 idem
1303 1795 1413 1847 apud
1438 1795 1604 1838 Hesiod.

250 1858 336 1913 Op.
363 1859 465 1908 1783
509 1859 578 1902 ubi
609 1860 719 1914 quod
749 1860 791 1902 in
829 1871 1005 1903 numero
1046 1859 1255 1902 malorum
1292 1863 1460 1914 quintae
1497 1866 1610 1906 aetat

260 1940 286 1968 a
315 1927 392 1968 diis
423 1927 720 1969 destinatorum
749 1932 873 1979 poeta
901 1928 1038 1970 addit:
1084 1927 1279 1973 Χαλεπὰς
1317 1929 1364 1969 δὲ
1400 1928 1488 1970 θεοὶ
1526 1930 1604 1970 305-

263 2007 381 2033 σουσι
406 1991 622 2049 μερίμνας,
653 1993 731 2037 hoc
760 2006 841 2037 non
865 1993 1035 2036 dubium
1055 1996 1118 2036 est
1137 1994 1234 2046 quin
1255 2006 1377 2037 sensu
1405 1997 1473 2037 vix
1493 1996 1606 2040 diffe-

261 2063 327 2102 rat
368 2072 394 2102 a
430 2059 606 2103 formula
634 2062 852 2105 Homerica
883 2060 1013 2119 κήδεα
1047 2062 1177 2117 λυγρὰ
1216 2062 1271 2117 (E
1300 2063 1381 2105 156
1421 2066 1603 2118 saepius)

261 2139 366 2181 quae
396 2131 438 2170 et
467 2127 558 2181 ipsa
586 2129 695 2183 apud
730 2130 898 2174 Hesiod.
931 2128 1006 2184 Op.
1029 2130 1084 2171 49
1120 2134 1162 2173 et
1191 2130 1243 2172 95
1274 2130 1437 2184 legitur.
1499 2132 1604 2176 Nam

260 2194 498 2237 recentioris
525 2197 695 2248 originis
719 2198 895 2240 alterum
917 2210 954 2239 v.
977 2210 1069 2240 esse
1101 2198 1224 2240 etiam
1245 2211 1293 2241 eo
1313 2201 1605 2253 comprobatur

262 2263 371 2318 quod
401 2266 444 2306 et
468 2263 675 2308 Hesiodus
704 2278 797 2310 cum
827 2270 892 2310 ter
920 2278 958 2309 v.
990 2265 1115 2324 κῆδος·
1144 2266 1296 2311 habeat
1325 2266 1507 2323 (praeter
1526 2267 1552 2311 l.
1574 2268 1600 2312 l.

261 2331 335 2373 Th.
361 2331 458 2385 102)
492 2332 582 2384 ipso
611 2345 692 2375 non
723 2335 889 2388 saepius
918 2331 1042 2388 quam
1072 2336 1198 2378 semel
1228 2348 1327 2378 usus
1357 2341 1422 2379 est
1451 2343 1494 2379 et
1511 2339 1603 2380 reli·

261 2399 333 2452 qui
362 2402 511 2453 poetae
541 2401 797 2455 antiquiores
827 2402 994 2445 modum
1024 2401 1110 2445 fere
1140 2402 1314 2446 eundem
1339 2405 1472 2447 secuti
1492 2410 1600 2448 sunt.

263 2467 405 2509 Inveni
435 2471 577 2510 autem
607 2469 718 2521 apud
748 2480 852 2522 quos
871 2470 1026 2523 primos
1045 2474 1140 2523 post
1165 2471 1391 2514 Hesiodum
1412 2486 1489 2515 vox
1508 2474 1601 2526 legi,

261 2539 330 2577 tur
348 2535 444 2576 hos:
473 2534 580 2587 hym.
603 2535 729 2579 Mero.
746 2537 801 2578 44
822 2541 865 2580 et
886 2537 979 2589 160,
1011 2537 1238 2581 Mimuerm.
1258 2540 1294 2593 1,
1319 2541 1356 2581 7.
1389 2540 1540 2595 Sapph.
1561 2544 1620 2588 1-,

262 2603 327 2644 26.
367 2603 546 2656 Theogn.
570 2603 664 2655 343,
696 2605 790 2657 766,
824 2605 944 2658 1153,
976 2605 1095 2647 1323.

372 2684 408 2716 v.
447 2670 605 2727 νόμος
640 2674 750 2726 apud
789 2673 1012 2716 Homerum
1050 2677 1233 2720 nondum
1275 2677 1313 2720 in
1360 2691 1435 2721 usu
1476 2678 1602 2723 fuisse
